@book{a,

         AUTHOR     ="",

         TITLE      ="",

         PUBLISHER  ="",

         YEAR       ="",

         ADDRESS    =""

             }



@book{thrun2005probabilistic,
  title={Probabilistic Robotics},
  author={Thrun, Sebastian and Burgard, Wolfram and Fox, Dieter},
  year={2005}
}

@book{milne,

         AUTHOR     ="P. H. Milne",

         TITLE      ="Underwater Acoustic Positioning Systems",

         PUBLISHER  ="Gulf Publishing",

         YEAR       ="1983",

         ADDRESS    ="Houston"

             }



@book{fossen,

         AUTHOR     ="Thor I. Fossen",

         TITLE      ="Guidance and Control of Ocean Vehicles",

         PUBLISHER  ="John Wiley and Sons",

         YEAR       ="1994",

         ADDRESS    ="New York"

             }



@book{dimarogonas,

         AUTHOR     ="Andrew Dimargonas",

         TITLE      ="Vibration for Engineers",

         PUBLISHER  ="Prentice-Hall",

         YEAR       ="1996",

         ADDRESS    ="New Jersey"

             }



@book{tongue,

         AUTHOR     ="Benson H. Tongue",

         TITLE      ="Principles of Vibration",

         PUBLISHER  ="Oxford University Press",

         YEAR       ="1996"

             }



@book{inman,

         AUTHOR     ="Daniel. J. Inman",

         TITLE      ="Engineering Vibration",

         PUBLISHER  ="Prentice-Hall",

         YEAR       ="1996",

         ADDRESS    ="New Jersey"

             }



@book{inman.control,

         AUTHOR     ="D. J. Inman",

         TITLE      ="Vibration: Control, Measurement, and Stability",

         PUBLISHER  ="Prentice-Hall",

         YEAR       ="1989",

         ADDRESS    ="New Jersey"

             }



@book{meirovitch.control,

         AUTHOR     ="Leonard Meirovitch",

         TITLE      ="Introduction to Dynamics and Control",

         PUBLISHER  ="Wiley",

         YEAR       ="1985",

         ADDRESS    ="New York"

             }



@book{meirovitch.structures,

         AUTHOR     ="Leonard Meirovitch",

         TITLE      ="Dynamics and Control of Structures",

         PUBLISHER  ="Wiley",

         YEAR       ="1990",

         ADDRESS    ="New York"

             }



@book{meirovitch.vibrations,

         AUTHOR     ="Leonard Meirovitch",

         TITLE      ="Elements of Vibration Analysis",

         PUBLISHER  ="McGraw-Hill",

         YEAR       ="1986",

         ADDRESS    ="New York"

             }



@book{horn&johnson,

         AUTHOR     ="Roger A. Horn and Charles R. Johnson",

         TITLE      ="Matrix Analysis",

         YEAR       ="2006",

         PUBLISHER  ="Cambridge University Press"

             }



@book{boyce&diprima,

         AUTHOR     ="William E. Boyce and Richard C. DiPrima",

         TITLE      ="Elementary Differential Equations and Boundary Value Problems",

         PUBLISHER  ="Wiley",

         YEAR       ="1977",

         ADDRESS    ="New York"

             }



@book{kreyszig,

         AUTHOR     ="Erwin Kreyszig",

         TITLE      ="Advanced Engineering Mathematics",

         PUBLISHER  ="Wiley",

         YEAR       ="1993",

         ADDRESS    ="New York"

             }



@book{narenda@ortega&dorato,

         EDITOR     ="K. S. Narendra and R. Ortega and P. Dorato",

         TITLE      ="Advances in Adaptive Control",

         PUBLISHER  ="IEEE Press",

         YEAR       ="1991",

         ADDRESS    ="New Jersey"

             }



@book{kaufman&bar-kana&sobel,

         AUTHOR     ="H. Kaufman and I. Bar-Kana and K. Sobel",

         TITLE      ="Direct Adaptibe Control Algorithms: Theory and Applications",

         PUBLISHER  ="Springer-verlag",

         YEAR       ="1994",

         ADDRESS    ="New York"

             }



@book{khalil,

         AUTHOR     ="H. K. Khalil",

         TITLE      ="Nonlinear Systems",

         PUBLISHER  ="Prentice-Hall",

         YEAR       ="1996",

         ADDRESS    ="New Jersey",

             NOTE="(Second Edition)"
             }



@book{ioannou&sun,

         AUTHOR     ="P. A. Ioannou and J. Sun",

         TITLE      ="Robust Adaptive Control",

         PUBLISHER  ="Prentice-Hall",

         YEAR       ="1996",

         ADDRESS    ="New Jersey",

             }



@book{vidyasagar,

         AUTHOR     ="M. Vidyasagar",

         TITLE      ="Nonlinear Systems Analysis",

         PUBLISHER  ="Prentice-Hall",

         YEAR       ="1993",

         ADDRESS    ="New Jersey",

             NOTE="(Second Edition)"

             }





@book{murray&li&sastry,

         AUTHOR     ="Richard M. Murray and Zexiang Li and S. Shankar Sastry",

         TITLE      ="A Mathematical Introduction to Robotic Manipulation",

         PUBLISHER  ="CRC Press",

         YEAR       ="1994",

         ADDRESS    ="Boca Raton"

             }





@book{rugh.linear,

         AUTHOR     ="Wilson J. Rugh",

         TITLE      ="Linear System Theory",

         PUBLISHER  ="Prentice-Hall",

         YEAR       ="1995",

         ADDRESS    ="New Jersey",

         NOTE="(2nd Edition)"

             }

@book{stromberg,

         AUTHOR     ="Karl R. Stromberg",

         TITLE      ="An Introduction to Classical Real Ananysis",

         PUBLISHER  ="Wadsworth, Inc.",

         YEAR       ="1981",

         ADDRESS    ="Belmont, California"

             }



@book{pettofrezzo,

         AUTHOR     ="Antony J. Pettofrezzo",

         TITLE      ="Matricies and Transformations",

         PUBLISHER  ="Dover",

         YEAR       ="1966",

         ADDRESS    ="New York"

             }



@book{kron,

      Author="Alexander Graham",

      Title="Kronecker Products and Matrix Calculus With Applications",

      Publisher="Halsted Press, John Wiley and Sons",

      Year="1981",

      Address="New York"

      }



@book{graham,

      Author="Alexander Graham",

      Title="Kronecker Products and Matrix Calculus With Applications",

      Publisher="Halsted Press, John Wiley and Sons",

      Year="1981",

      Address="New York"

      }



@book{halmos,

         AUTHOR     ="Paul R. Halmos",

         TITLE      ="Finite-Dimensional Vector Spaces",

         PUBLISHER  ="Springer-Verlag",

         YEAR       ="1958",

         ADDRESS    ="New York",

         NOTE="ISBN: 0-387-90093-4"

             }



@book{mccomb,

         AUTHOR     ="Gordon McComb",

         TITLE      ="Robot Builders Bonanza",

         PUBLISHER  ="Tab Books, McGraw-Hill",

         YEAR       ="1987",

         ADDRESS    ="New York"

             }



@book{jones&flynn.book,

         AUTHOR     ="Joseph L. Jones and Anita M. Flynn",

         TITLE      ="Mobile Robots: Inspiration to Implementations",

         PUBLISHER  ="A. K. Peters",

         YEAR       ="1993",

         ADDRESS    ="Wellesley, Mass"

             }



@book{gottlieb,

         AUTHOR     ="Irving M. Gottlieb",

         TITLE      ="Electric Motors and Control Techniques",

         PUBLISHER  ="Tab Books, McGraw-Hill",

         YEAR       ="1994",

         ADDRESS    ="New York"

             }





@book{horowitz&hill,

         AUTHOR     ="Paul Horowitz and Winfield Hill",

         TITLE      ="The Art of Electronics",

         PUBLISHER  ="Cambridge University Press",

         YEAR       ="1989",

         ADDRESS    ="Cambridge",

         Note = "2nd ed."

             }





@book{horowitz&hill.student,

         AUTHOR     ="Paul Horowitz and Thomas C. Hayes",

         TITLE      ="Student Manual for The Art of Electronics",

         PUBLISHER  ="Cambridge University Press",

         YEAR       ="1989",

         ADDRESS    ="Cambridge"

             }





@book{latombe

        , AUTHOR     ="Jean-Claude Latombe"

        , TITLE      ="Robot Motion Planning"

        , PUBLISHER  ="Kluwer"

        , YEAR       ="1991"

        , ADDRESS     ="Boston, MA"

         }



@book{kailath,

         AUTHOR     ="Thomas Kailath",

         TITLE      ="Linear Systems",

         PUBLISHER  ="Prentics Hall",

         YEAR       ="1980",

         ADDRESS    ="New Jersey"

             }



@book{slotine.nonlinear.book,

         AUTHOR     ="{J.J.E.} Slotine and Weiping Li",

         TITLE      ="Applied Nonlinear Control",

         PUBLISHER  ="Prentice Hall",

         YEAR       ="1991",

         ADDRESS    ="New Jersey"

             }





@book{spong&vidyasagar,

         AUTHOR     ="M. W. Spong and M. Vidyasagar",

         TITLE      ="Robot Dynamics and Control",

         PUBLISHER  ="Wiley",

         YEAR       ="1989",

         ADDRESS    ="New York"

             }





@book{craig.second,

         AUTHOR     ="John J. Craig",

         TITLE      ="Introduction to Robotics Mechanics and Control (Second Edition)",

         PUBLISHER  ="Addison Wesley",

         YEAR       ="1989",

         ADDRESS     ="Reading, MA",

         NOTE       ="ISBN: 0-20-019528-9"

         }



@book{matlab.student.pc,

         AUTHOR     ="{Mathworks Inc.}",

         TITLE      ="Matlab Student Edition Version 4 for Windows",

         PUBLISHER  ="Prentice-Hall",

         YEAR       ="1995",

         NOTE       ="ISBN: 0-13-184995-6"

             }



@book{matlab.student.mac,

         AUTHOR     ="{Mathworks Inc.}",

         TITLE      ="Matlab Student Edition Version 4 for Macintosh",

         PUBLISHER  ="Prentice-Hall",

         YEAR       ="1995",

         NOTE       ="ISBN: 0-13-184987-5"

             }



@book{compton-hall.book,

         AUTHOR     ="Richard Compton-Hall",

         TITLE      ="Submarine Boats: The Beginnings of Underwater Warfare",

         PUBLISHER  ="Arco",

         YEAR       ="1983",

         ADDRESS    ="New York"

             }



@book{polmar.book,

         AUTHOR     ="Norman Polmar",

         TITLE      ="The American Submarine",

         PUBLISHER  ="Nautical and Aviation Publising Co. of America",

         YEAR       ="1981",

         ADDRESS    ="Annapolis, MD, USA"

             }



@book{franklin&powell&emami-naeini,

         AUTHOR     ="Gene F. Franklin and J. David Powell and Abbas Emami-Naeini",

         TITLE      ="Feedback Control of Dynamical Systems",

         PUBLISHER  ="Addison-Wesley",

         NOTE="Second Edition",

         YEAR       ="1991",

         ADDRESS    ="New York"

             }



@book{isis,

         AUTHOR     ="Anna Marguerite McCann and Joan Freed",

         TITLE      ="Deep Water Archaeology: A Late Roman Ship

              Sailing from Carthage and a Trade Route

              Northeast of Skerki Bank",

         YEAR       ="1994",

         NOTE       ="Supplement 13",

         PUBLISHER  ="The Journal of Roman Archaeology",

         ADDRESS    ="Ann Arbor, Michigan, USA"

             }



@book{kanade.space,

         EDITOR     ="Y. Xu and T. Kanade",

         TITLE      ="Space Robotics: Dynamics and Control",

         PUBLISHER  ="Kluwer",

         YEAR       ="1993",

         ADDRESS    ="Boston, MA, USA"

             }



@book{ballard.titanic,

         AUTHOR     ="Robert D. Ballard",

         TITLE      ="The Discovery of the Titanic",

         PUBLISHER  ="Warner/Madison Press Books",

         YEAR       ="1987",

         ADDRESS    ="New York, NY, USA"

             }



@book{geodesy,

         AUTHOR     ="Alfred Leick",

         TITLE      ="Geometric Geodesy: 3-D Conformal Mapping",

         PUBLISHER  ="University of Maine",

         YEAR       ="1980",

         ADDRESS    ="Orono, Maine, USA"

             }



@book{ksn&anu.book,

         AUTHOR     ="K.S. Narendra and A. Annaswamy",

         TITLE      ="Stable Adaptive Systems",

         PUBLISHER  ="Prentice-Hall",

         YEAR       ="1988",

         ADDRESS     ="NY"

         }



@book{armstrong.friction.tome,

         AUTHOR     ="Brian {Armstrong-H\protect{\'{e}louvery}}",

         TITLE      ="Control of Machines with Friction",

         PUBLISHER  ="Kluwer",

         YEAR       ="1991",

         ADDRESS    ="Norwell, MA"

             }



@book{craig.adapt.book,

         AUTHOR     ="John J. Craig",

         TITLE      ="Adaptive Control of Mechanical Manipulators",

         PUBLISHER  ="Addison-Wesley",

         YEAR       ="1988",

         ADDRESS    ="Reading, MA"

             }



@book{numerical.recipes,

         AUTHOR     ="W. H. Press and B. P. Flannery and S. A.

                          Teukolsky and W. T. Vetterling",

         TITLE      ="Numerical Recipes in C",

         PUBLISHER  ="Cambridge University Press",

         YEAR       ="1988",

         ADDRESS    ="Cambridge, UK"

             }



@book{deboor,

         AUTHOR     ="Carl De Boor",

         TITLE      ="A Practical Guide to Splines",

         PUBLISHER  ="Springer-Verlag",

         YEAR       ="1978",

         ADDRESS    ="New York, NY, USA"

             }



@book{comm-proc-arch,

         AUTHOR     ="INMOS",

         TITLE      ="Communicating Process Architecture",

         PUBLISHER  ="Prentice Hall",

         YEAR       ="1988",

         ADDRESS    ="New York, NY, USA"

         }

@book{t-ref,

         AUTHOR     ="INMOS",

         TITLE      ="Transputer Reference Manual",

         PUBLISHER  ="Prentice Hall",

         YEAR       ="1988",

         ADDRESS    ="New York, NY, USA"

         }



@book{t-notes,

         AUTHOR     ="INMOS",

         TITLE      ="Transputer Technical Notes",

         PUBLISHER  ="Prentice Hall",

         YEAR       ="1989",

         ADDRESS    ="New York, NY, USA"

         }



@book{hoare,

         AUTHOR     ="C. A. R. Hoare ",

         TITLE      ="Communicating Sequential Processes",

         PUBLISHER  ="Prentice-Hall",

         YEAR       ="1985",

         ADDRESS    ="Englewood Cliffs, NJ, USA"

         }



@book{analog-synchro,

         AUTHOR     ="Geoffrey S. Boyes, Editor",

         TITLE      ="Synchro and Resolver Conversion",

         PUBLISHER  ="Memory Devices, Ltd",

         YEAR       ="1980",

         ADDRESS     ="Surrey, UK"

         }



@book{analog-transducer,

         AUTHOR     ="Daniel H. Sheingold, Editor",

         TITLE      ="Transducer Interfacing Handbook",

         PUBLISHER  ="Analog Devices, Inc.",

         YEAR       ="1980",

         ADDRESS     ="Norwood, MA, USA"

         }





@book{occam-manual,

         AUTHOR     ="INMOS",

         TITLE      ="OCCAM 2 Reference Manual",

         PUBLISHER  ="Prentice Hall",

         YEAR       ="1988",

         ADDRESS    ="New York, NY, USA"

         }



@book{occam-tutorial,

         AUTHOR     ="Dick Pountain and David May",

         TITLE      ="A Tutorial Introduction to OCCAM Programming",

         PUBLISHER  ="INMOS Limited",

         YEAR       ="1987",

         ADDRESS    ="Bristol, UK"

         }



@booklet{HCTL-2000,

         AUTHOR     ="Hewlett Packard",

         TITLE      ="HCTL-200 Quadrature Decoder/Counter Interface IC",

         HOWPUBLISHED  ="Hewlett Packard Data Sheet",

         YEAR       ="1985",

         ADDRESS    ="Palo Alto, CA, USA "

         }





@book{jacob,

         AUTHOR     ="J. Michael Jacob",

         TITLE      ="Industrial Control Electronics",

         PUBLISHER  ="Prenticss Hall",

         YEAR       ="1988",

         ADDRESS    ="Englewood Cliffs, NJ, USA"

         }



@book{an&atkeson&hollerbach,

         AUTHOR     ="Chae H. An and Christopher G. Atkeson

                          and John M. Hollerbach",

         TITLE      ="Model-Based Control of a Robot Manipulator",

         PUBLISHER  ="MIT Press",

         YEAR       ="1988",

         ADDRESS    ="Cambridge, MA, USA"

         }



 @book{robot.motion,

          TITLE  ="Robot Motion: Planning and Control",

          PUBLISHER  ="MIT Press",

          YEAR       ="1982",

          EDITOR   ="M. Brady and J. Hollerbach and T. Johnson and

             T. Lozano-Perez and M. Mason",

          ADDRESS     ="Cambridge, MA"

          }



@Book{hayes,

  author =  "John P. Hayes",

  title =   "Computer Architecture and Organization",

  publisher =   "McGraw-Hill",

  year =    "1978"

}



@Book{baer,

  author =  "Jean-Loup Baer",

  title =   "Computer Systems Architecture",

  publisher =   "Computer Science Press",

  year =    "1980"

}



@Book{hillis,

  author =  "D. Hillis",

  title =   "The Connection Machine",

  publisher =   "MIT Press",

  year =    "1985"

}





@Book{sastry&bodson.book,

  author =  "Shankar Sastry and Marc Bodson",

  title =   "Adaptive Control: Stability, Convergence, and Robustness",

  publisher =   "Prentice-Hall",

  year =    "1989"

}



@Book{astrom.book,

  author =  "Karl J. Astrom",

  title =   "Adaptive Control",

  publisher =   "Addison-Wesley",

  year =    "1989"

}





@Book{newman.book,

  author =  "J.N. Newman",

  title =   "Marine Hydrodynamics",

  publisher =   "MIT Press",

  year =    "1989",

 ADDRESS    =   "Cambridge, Massachusetts USA"

}



@Book{shevell.book,

  author =  "R. S. Shevell",

  title =   "Fundamentals of Flight",

  publisher =   "Prentice-Hall",

  year =    "1989",

 ADDRESS    =   "Englewood Cliffs, New Jersey USA"

}



@Book{fay.book,

  author =  "J. A. Fay",

  title =   "Introduction to Fluid Mechanics",

  publisher =   "MIT Press",

  year =    "1994",

 ADDRESS    =   "Cambridge, Massachusetts USA"

}





@Book{pona.book,

  author =  "J. D. {Van Manen} and P. {Van Ossanen}",

  note =      "{E. V.} Lewis, Editor.",

  title =   "Principles of Naval Architecture, Second Revision, Volume II:

                Resistance, Propulsion, and Vibration",

  publisher =   "Society of Naval Architects and Marine Engineers",

  year =    "1988",

 ADDRESS    =   "Jersey City, New Jersey USA"

}



@book{milto.book,

         AUTHOR     ="L. M. Milne-Thomson",

         TITLE      ="Theoretical Hydrodynamics",

         PUBLISHER  ="Dover Publications, Inc.",

         YEAR       ="1996",

         ADDRESS    ="New York, USA"

             }

@book{strass.book,

         AUTHOR     ="G. Strassacker",

         TITLE      ="Rotation, Divergenz und das Drumherum",

         PUBLISHER  ="Teubner Studienskripten",

         YEAR       ="1986",

         ADDRESS    ="Stuttgart, Germany"

             }

@book{laks.book,

         AUTHOR     ="B. Lakshminarayana",

         TITLE      ="Fluid Dynamics and Heat Transfer of Turbomachinery",

         PUBLISHER  ="Wiley-Interscience",

         YEAR       ="1996",

         ADDRESS    ="New York, USA"

             }
@book{isidori.nonlinear.control.systems.II.1999,

         AUTHOR     ="Alberto Isidori",

         TITLE      ="Nonlinear Control Systems II",

         PUBLISHER  ="Springer",

         YEAR       ="1999",

         ADDRESS    ="London"

             }
@PhDThesis{mindell.thesis,
  author = "David A. Mindell",
  title  = "Datum for its Own Annihilation: Feedback, Control, and Computing 1916-1945",
  school = "Massachusetts Institute of Technology",
  year   = "1996"
}

@book{farrell&barth,
         AUTHOR     ="Jay A. Farrell and Matthew Barth",
         TITLE      ="The Global Positioning System and Inertial Navigation",
         PUBLISHER  ="McGraw-Hill",
         YEAR       ="1999",
         ADDRESS    ="New York"
             }


@book{lawrence,
         AUTHOR     ="Anthony Lawrence",
         TITLE      ="Modern Inertial Technology",
         PUBLISHER  ="Springer-Verlag",
         YEAR       ="1993",
         ADDRESS    ="New York"
         }


@book{loran.handbook,
         AUTHOR     ="{U.S.} Coast Guard Radionavigation Division",
         TITLE      ="LORAN-C Users Handbook 1992 Edition",
         PUBLISHER  ="U.S. Coast Guard",
         YEAR       ="1992",
         ADDRESS    ="Washington, DC",
         NOTE       ="COMDTPUB \#P16562.6"
        }
@book{lasalle&lefschetz,
         AUTHOR     ="J. P. Lasalle and S. Lefschetz",
         TITLE      ="Stability by Lyapunov's Direct Method with Applications",
         PUBLISHER  ="Academic Press",
         YEAR       ="1961",
         ADDRESS     ="New York"
         }
@book{naui.textbook,

         AUTHOR     ="NAUI",

         TITLE      ="The NAUI Textbook",

         PUBLISHER  ="National Association of Underwater Instructors",

         YEAR       ="1992",

         ADDRESS    ="Montclair, CA"

             }
@book{hughes.spacecraft,

         AUTHOR     ="Peter C. Hughes",

         TITLE      ="Spacecraft Attitude Dynamics",

         PUBLISHER  ="John Wiley and Sons",

         YEAR       ="1986",

         ADDRESS    ="New York, NY, USA"

             }
@book{goldstein.mechanics,

         AUTHOR     ="Herbert Goldstein",

         TITLE      ="Classical {Mechanics}",

         PUBLISHER  ="Addison-Wesley",

         YEAR       ="1957",

         ADDRESS    ="Reading, MA, USA"

             }
@book{lamb.hydrodynamics,

         AUTHOR     ="Horace Lamb",

         TITLE      ="Hydrodynamics",

         PUBLISHER  ="Cambridge University Press",

         YEAR       ="1924",

         ADDRESS    ="London, UK"

             }
@book{willems,

         AUTHOR     ="J. L. Willems",

         TITLE      ="Stability Theory of Dynamical Systems",

         PUBLISHER  ="John Wiley and Sons, Inc.",

         YEAR       ="1970",

         ADDRESS    ="New York, New York, USA"

             }
