% This file was created with JabRef 2.5.
% Encoding: UTF-8

@INPROCEEDINGS{kod&buehler.jap88,
  author = {M. { B\"{u}hler } and D. E. Koditschek and P. J. Kindlmann},
  title = {A One Degree of Freedom Juggler in a Two Degree of Freedom Environment},
  booktitle = {Proc. IEEE Conference on Intelligent Robots and Systems},
  year = {1988},
  pages = {91-97},
  address = {Tokyo, Japan},
  month = {Oct}
}

@INCOLLECTION{kod&buehler.iser89,
  author = {M. {B\"{u}hler } and D. E. Koditschek and P.J. Kindlmann},
  title = {{A Simple Juggling Robot: Theory and Experimentation}},
  booktitle = {Experimental Robotics I},
  publisher = {Springer-Verlag},
  year = {1990},
  editor = {V. Hayward and O. Khatib},
  pages = {35-73}
}

@INCOLLECTION{kod&buehler.isrr89,
  author = {M. {B\"{u}hler } and D. E. Koditschek and P.J. Kindlmann},
  title = {{Planning and Control of Robotic Juggling Tasks}},
  booktitle = {Fifth International Symposium on Robotics Research},
  publisher = {MIT Press},
  year = {1990},
  editor = {H. Miura and S. Arimoto},
  pages = {321-332}
}

@ARTICLE{kod&buehler.para88,
  author = { M. {B\"{u}hler} and F. Levin and and G. Unno and D. E. Koditschek},
  title = {Robots Touch Base},
  journal = {Parrallelogram},
  year = {1988},
  volume = {5},
  pages = {1-5},
  month = {Aug}
}

@INPROCEEDINGS{buehler.cyclops,
  author = {M. {B\"{u}hler} and N. Vlamis and C. J. Taylor and A. Ganz},
  title = {The Cyclops Vision System},
  booktitle = {Proc. North American Transputer Users Group Meeting},
  year = {1989},
  address = {Salt Lake City, UT},
  month = {APR}
}

@TECHREPORT{bogan.bs,
  author = {Christopher C. Bogan},
  title = {The Control and Development of a One Degree of Freedom Juggling Robot},
  institution = {Yale Robotics Lab/MIT EECS},
  year = {1990},
  number = {(BS Thesis)},
  month = {May}
}

@INPROCEEDINGS{kod&buehler.icra90,
  author = {M. B{\"u}hler and D. E. Koditschek},
  title = {From Stable to Chaotic Juggling},
  booktitle = {Proc. IEEE International Conference on Robotics and Automation},
  year = {1990},
  pages = {1976-1981},
  address = {Cincinnati, OH},
  month = {May}
}

@PHDTHESIS{buehler.thesis,
  author = { Martin B{\"{u}}hler },
  title = {Robotic Tasks with Intermittent Dynamics},
  school = {Yale University},
  year = {1990},
  address = {New Haven, CT},
  month = {May}
}

@TECHREPORT{kod.8807,
  author = {M. B{\"{u}}hler and P.J. Kindlmann and D. E. Koditschek},
  title = {A Study of Two Robot Actuators},
  institution = {Center for Systems Science, Yale University},
  year = {{1987 }},
  number = {8707},
  month = {(to appear: July)}
}

@ARTICLE{kod&buehler.tac92,
  author = { M. B{\"{u}}hler and D. E. Koditschek},
  title = { Stability Analysis of a Juggling Robot},
  journal = {IEEE Transactions on Automatic Control},
  year = {1992},
  volume = {(In preparation)}
}

@INPROCEEDINGS{kod&buehler.rac88,
  author = {M. B{\"{u}}hler and D. E. Koditschek},
  title = {Analysis of a Simplified Hopping Robot},
  booktitle = {IEEE International Conference on Robotics and Automation},
  year = {1988},
  pages = {817-819},
  address = {Philadelphia, PA},
  month = {Apr}
}

@INPROCEEDINGS{kod&buehler.cdc87,
  author = {M. B{\"{u}}hler and D. E. Koditschek},
  title = {A Prelude to Juggling},
  booktitle = {$26^{th}$ IEEE Conference on Decision and Control},
  year = {1987},
  pages = {(paper available from authors --- not in proceedings) },
  address = {Los Angeles, CA.},
  month = {Dec.}
}

@TECHREPORT{kod.8812,
  author = {M. B{\"{u}}hler and D. E. Koditschek and P.J. Kindlmann },
  title = {Robotics in an Intermittent Environment: a Prelude to Juggling},
  institution = {Center for Systems Science, Yale University},
  year = {{1988 }},
  month = {(to appear)}
}

@ARTICLE{kod&buehler.csm90,
  author = {M. B{\"{u}}hler and D. E. Koditschek and P.J. Kindlmann},
  title = {A Family of Robot Control Strategies for Intermittent Dynamical Environments},
  journal = {IEEE Control Systems Magazine},
  year = {1990},
  volume = {10},
  pages = {16-22},
  month = {Feb},
  numer = {2}
}

@INPROCEEDINGS{kod&buehler.rac89,
  author = {M. B{\"{u}}hler and D. E. Koditschek and P.J. Kindlmann},
  title = {A Family of Robot Control Strategies for Intermittent Dynamical Environments},
  booktitle = {Proc. IEEE International Conference on Robotics and Automation},
  year = {1989},
  pages = {1996-2002},
  address = {Arizona},
  month = {May}
}

@ARTICLE{kod&buehler.ijrr92,
  author = { M. B{\"{u}}hler and D. E. Koditschek and P. J. Kindlmann},
  title = { Planning and Control of a Juggling Robot},
  journal = { International Journal of Robotics Research},
  year = {{1992 }},
  volume = {(to appear)}
}

@INPROCEEDINGS{kod.acc89,
  author = {M. B{\"{u}}hler and L. Whitcomb and F. Levin and D. E. Koditschek},
  title = {A Distributed Message Passing Computational and I/O Engine for Real-Time
	Motion Control},
  booktitle = {Proc. American Control Conference},
  year = {1989},
  address = {Pittsburgh, PA},
  month = {Jun},
  publisher = {American Control Society}
}

@INPROCEEDINGS{kod.compcon89,
  author = {M. B{\"{u}}hler and L. Whitcomb and F. Levin and D. E. Koditschek},
  title = {A New Distributed Real-Time Controller for Robotics Applications},
  booktitle = {Proc. {34th} IEEE Computer Society International Conference --- COMPCON},
  year = {1989},
  pages = {63-68},
  address = {San Francisco, CA},
  month = {Feb},
  publisher = {IEEE Computer Society Press}
}

@INPROCEEDINGS{kod&rizzi.iser91,
  author = { Alfred Rizziand Daniel E. Koditschek},
  title = {Preliminary Experiments in Robot Juggling},
  booktitle = {Proc. Int. Symp. on Experimental Robotics},
  year = {1991},
  address = {Toulouse, France},
  month = {June},
  publisher = {MIT Press}
}

@INCOLLECTION{kod.ieee92,
  author = {D.E. Koditschek},
  title = {Dynamically Dexterous Robotics},
  booktitle = {Press Reprint Volume in Robot Control},
  publisher = {IEEE},
  year = {1992},
  editor = {M. Spong and R. Lewis},
  pages = {(to appear)}
}

@INCOLLECTION{kod.encyc2,
  author = {Daniel E. Koditschek},
  title = {Robot Control Systems},
  booktitle = {Encyclopedia of Robotics Applications and Automation},
  publisher = {John Wiley and Sons, Inc.},
  year = {1988},
  editor = {R. Dorf},
  pages = {1349-1372}
}

@INCOLLECTION{kod.rr88,
  author = {Daniel E. Koditschek},
  title = {Robot Planning and Control via Potential Functions},
  booktitle = {The Robotics Review},
  publisher = {MIT Press},
  year = {1989},
  editor = {O. Khatib and J. Craig and T. Lozano-P\'{e}rez},
  pages = {349-368}
}

@INCOLLECTION{kod.bow88,
  author = {Daniel E. Koditschek},
  title = {{The Application of Total Energy as a Lyapunov Function for Mechanical
	Control Systems}},
  booktitle = {Control Theory and Multibody Systems},
  publisher = {AMS Series in Contemporary Mathematics},
  year = {1989},
  editor = {J. Marsden and Krishnaprasad and J. Simo},
  volume = {97},
  pages = {131-158}
}

@INCOLLECTION{kod.yal85,
  author = {Daniel E. Koditschek},
  title = {Automatic Planning and Control of Robot Natural Motion Via Feedback},
  booktitle = {Adaptive and Learning Systems: Theory and Applications},
  publisher = {Plenum},
  year = {1986},
  editor = {Kumpati S. Narendra},
  pages = {389-402}
}

@INCOLLECTION{kod.rr92,
  author = { D. E. Koditschek},
  title = {Hopping, Swatting, and Juggling},
  booktitle = {The Robotics Review},
  publisher = {MIT Press},
  year = {1991},
  editor = { O. Khatib, J. Craig, T. Lozano-Perez},
  pages = {(In Preparation)}
}

@INCOLLECTION{kod.encyc,
  author = {Daniel E. Koditschek},
  title = {Robot Control Systems},
  booktitle = {Encyclopedia of Artificial Intelligence},
  publisher = {John Wiley and Sons, Inc.},
  year = {1987},
  editor = {Stuart Shapiro},
  pages = {902-923}
}

@TECHREPORT{kod.8806,
  author = { D. E. Koditschek},
  title = {Application of a New Lyapunov Function: Global Adaptive Inverse Dynamics
	for a Single Rigid Body},
  institution = {Center for Systems Science, Yale University},
  year = {{1988 }},
  number = {8806},
  month = {Sept.}
}

@TECHREPORT{kod.8703,
  author = {Daniel E. Koditschek},
  title = {Quadratic Lyapunov Functions for Mechanical Systems},
  institution = {Center for Systems Science, Yale University},
  year = {{1987 }},
  number = {8703},
  month = {Mar}
}

@TECHREPORT{kod.8707,
  author = { D. E. Koditschek},
  title = {A Strict Global Lyapunov Function for Mechanical Systems},
  institution = {Center for Systems Science, Yale University},
  year = {{1987 }},
  number = {8707},
  month = {November}
}

@TECHREPORT{kod.8611,
  author = {Daniel E. Koditschek},
  title = {Exact Robot Navigation by Means of Potential Functions: Some Topological
	Considerations},
  institution = {Center for Systems Science, Yale University},
  year = {{1986 {\em (revised Jan. 1987)} }},
  number = {8611},
  month = {Nov}
}

@TECHREPORT{kod.8409,
  author = {Daniel E. Koditschek},
  title = {Natural Control of Robot Arms},
  institution = {Center for Systems Science, Yale University},
  year = {{1984 {\em (revised Mar. 1985)} }},
  number = {8409},
  month = {Mar}
}

@ARTICLE{kod.ras,
  author = {D. E. Koditschek},
  title = {Task Encoding: Toward a Scientific Paradigm for Robot Planning and
	Control},
  journal = { Journal of Robotics and Autonomous Systems},
  year = {1992},
  volume = {(to appear)}
}

@ARTICLE{kod.rob92,
  author = {D. E. Koditschek},
  title = {An Approach to Autonomous Robot Assembly},
  journal = {Robotica},
  year = {1992},
  volume = {(to appear)}
}

@ARTICLE{kod.tac92,
  author = { D. E. Koditschek},
  title = {On Lifting Dynamical Plans to Lagrangian Systems},
  journal = {IEEE Transactions on Automatic Control},
  year = {1992},
  volume = {(In preparation)}
}

@ARTICLE{kod.tra92,
  author = { D. E. Koditschek},
  title = {Feedback Controllers for Robotic Assembly},
  journal = {IEEE Transactions on Robotics and Automation},
  year = {1992},
  volume = {(In preparation)}
}

@INPROCEEDINGS{kod.yal92,
  author = { Daniel E. Koditschek},
  title = {Hierarchical Feedback Controllers for Robotic Assembly},
  booktitle = {Seventh Yale Workshop on Learning and Adaptive Systems},
  year = {1992},
  pages = {205-211},
  address = {New Haven, CT},
  month = {May},
  publisher = {Yale University}
}

@INPROCEEDINGS{kod.acc91,
  author = {Daniel E. Koditschek},
  title = {Assembly: Another Source of Nonholonomy in Robotics},
  booktitle = {Proc. American Control Conference},
  year = {1991},
  pages = {1627-1632},
  address = {Boston, MA},
  month = {June},
  publisher = {American Society of Control Engineers}
}

@ARTICLE{kod.asmea,
  author = {Daniel E. Koditschek},
  title = {The Control of Natural Motion in Mechanical Systems. },
  journal = { ASME Journal of Dynamic Systems, Measurement, and Control},
  year = {1991},
  volume = {113},
  pages = {547-551},
  number = {4},
  month = {Dec}
}

@ARTICLE{kod.asmeb,
  author = {Daniel E. Koditschek},
  title = {Applications of Natural Motion Control. },
  journal = { ASME Journal of Dynamic Systems, Measurement, and Control},
  year = {1991},
  volume = {113},
  pages = {552-557},
  number = {4},
  month = {Dec}
}

@INPROCEEDINGS{kod.cdc91,
  author = {Daniel E. Koditschek},
  title = {Stabilizing Feedback Controllers forRobot Assembly Tasks},
  booktitle = {Proc. IEEE Conf. on Decision and Control},
  year = {1991},
  pages = {(to appear)},
  address = {Brighton, UK},
  month = {Dec.},
  publisher = {IEEE}
}

@INPROCEEDINGS{kod.isic90,
  author = { D. E. Koditschek},
  title = {Globally Stable Closed Loops Imply Autonomous Behavior},
  booktitle = {Proc. Fifth IEEE International Symposium on Intelligent Control},
  year = {1990},
  address = {Philadelphia, PA},
  month = {Sept}
}

@INPROCEEDINGS{kod.yal90,
  author = {Daniel E. Koditschek},
  title = {Task Encoding for Autonomous Machines: The Assembly Problem},
  booktitle = {Sixth Yale Workshop on Adaptive and Learning Systems},
  year = {1990},
  pages = {231-236},
  address = {New Haven, CT},
  month = {Aug},
  organization = {Center for Systems Science, Yale University }
}

@INPROCEEDINGS{kod.cdc89,
  author = {D. E. Koditschek},
  title = {Application of a New {L}yapunov Function to Global Robot Navigation},
  booktitle = {Proc. 28th IEEE Conference on Decision and Control},
  year = {1989},
  pages = {(not in Proceedings: available from author)},
  address = {Tampa, FL},
  month = {Dec}
}

@INPROCEEDINGS{kod.iros89,
  author = {D. E. Koditschek},
  title = {Autonomous Mobile Robots Controlled by Navigation Functions},
  booktitle = {Proc. Second IEEE International Workshop on Intelligent Robots and
	Systems },
  year = {1989},
  pages = {639-645},
  address = {Tsukuba, Japan},
  month = {Sept},
  publisher = {IEEE}
}

@INPROCEEDINGS{kod.mex89,
  author = {D. E. Koditschek},
  title = {Robot Adaptation via Strict Global {L}yapunov Functions for Dissipative
	Mechanical Systems},
  booktitle = {Proc. Workshop on Nonlinear and Adaptive Robot Control},
  year = {1989},
  address = {M\'{e}rida},
  month = {May},
  publisher = {(to appear)}
}

@INPROCEEDINGS{kod.nsf89,
  author = {D. E. Koditschek},
  title = {Natural Control in Manufacturing},
  booktitle = {Proc. NSF Manufacturing Systems Research Conf.},
  year = {1989},
  address = {Berkeley, CA},
  month = {Jan},
  organization = {UC Berkeley Office of Continuing Education in Engineering}
}

@INPROCEEDINGS{kod.acc88,
  author = {Daniel E. Koditschek},
  title = {Strict Global Lyapunov Functions for Mechanical Systems},
  booktitle = {Proc. American Control Conference},
  year = {1988},
  pages = {1770-1775},
  address = {Atlanta, GA.},
  month = {Jun},
  organization = {American Automatic Control Council}
}

@INPROCEEDINGS{kod.cdc88,
  author = {D. E. Koditschek},
  title = {Application of a New {L}yapunov Function to Global Adaptive Attitude
	Tracking},
  booktitle = {Proc. 27th IEEE Conference on Decision and Control},
  year = {1988},
  pages = {63-68},
  address = {Austin, Texas},
  month = {Dec}
}

@ARTICLE{kod.mathc88,
  author = {Daniel E. Koditschek},
  title = {Embedded Reference Dynamics and Critical Damping of Dissipative Mechanical
	Systems},
  journal = {{ {\em (in preparation for submisssion to) } Mathematics of Control,
	Signals, and Systems}},
  year = {1988}
}

@ARTICLE{kod.siam88,
  author = {Daniel E. Koditschek},
  title = {Strict Global Lyapunov Functions for Mechanical Systems},
  journal = { {\em (under review) } SIAM Journal on Control and Optimization },
  year = {1988}
}

@INPROCEEDINGS{kod.jpl87,
  author = {Daniel E. Koditschek},
  title = {High Gain Feedback and Telerobotic Tracking},
  booktitle = {Workshop on Space Telerobotics},
  year = {1987},
  pages = {355-363},
  address = {Pasadena, CA},
  month = {Jan},
  organization = {Jet Propulsion Laboratory, California Institute of Technology}
}

@INPROCEEDINGS{kod.rac87,
  author = {Daniel E. Koditschek},
  title = {Exact Robot Navigation by Means of Potential Functions: Some Topological
	Considerations},
  booktitle = {IEEE International Conference on Robotics and Automation},
  year = {1987},
  pages = {1-6},
  address = {Raleigh, NC},
  month = {Mar}
}

@INPROCEEDINGS{kod.yal87,
  author = {Daniel E. Koditschek},
  title = {Adaptive Techniques for Mechanical Systems},
  booktitle = {Fifth Yale Workshop on Applications of Adaptive Systems Theory},
  year = {1987},
  pages = {259-265},
  address = {New Haven, CT},
  month = {May},
  organization = {Center for Systems Science, Yale University }
}

@INPROCEEDINGS{kod_tut.rac87,
  author = {Daniel E. Koditschek},
  title = {Lyapunov Analysis of Robot Motion},
  booktitle = {Proceedings of a Tutorial Workshop, IEEE Conference on Robotics and
	Automation},
  year = {1987},
  address = {Raleigh, NC},
  month = {Apr},
  organization = {IEEE Society on Robotics and Automation},
  publisher = {IEEE}
}

@ARTICLE{kod.ra85,
  author = {Daniel E. Koditschek},
  title = {Natural Control of Robot Arms},
  journal = {{ {\em (under review) } }},
  year = {1986}
}

@INPROCEEDINGS{kod.cdc85a,
  author = {Daniel E. Koditschek},
  title = {Adaptive Strategies for the Control of Natural Motion},
  booktitle = { IEEE Proceedings 24th Conference on Decision and Control},
  year = {1985},
  pages = {1405-1409},
  address = {Fort Lauderdale},
  month = {Dec}
}

@INPROCEEDINGS{kod.cdc85b,
  author = {Daniel E. Koditschek},
  title = {Robot Kinematics and Coordinate Transformations},
  booktitle = { IEEE Proceedings 24th Conference on Decision and Control},
  year = {1985},
  pages = {1-4},
  address = {Fort Lauderdale},
  month = {Dec}
}

@INPROCEEDINGS{kod.cdc84,
  author = {Daniel E. Koditschek},
  title = {Natural Motion for Robot Arms},
  booktitle = { IEEE Proceedings 23rd Conference on Decision and Control},
  year = {1984},
  pages = {733-735},
  address = {Las Vegas},
  month = {Dec}
}

@ARTICLE{kod&buehler.ijrr91,
  author = { D. E. Koditschek and M. B{\"{u}}hler },
  title = { Analysis of a Simplified Hopping Robot},
  journal = { International Journal of Robotics Research},
  year = {{1991 }},
  volume = {10},
  number = {6},
  month = {Dec}
}

@TECHREPORT{kod.8804,
  author = { D. E. Koditschek and M. B{\"{u}}hler },
  title = { Analysis of a Simplified Hopping Robot},
  institution = {Center for Systems Science, Yale University},
  year = {{1988 }},
  number = {8804},
  month = {May}
}

@ARTICLE{kod&ksn.tac85,
  author = {D. E. Koditschek and K. S. Narendra},
  title = {The Controllability of Planar Bilinear Systems},
  journal = {IEEE Transactions on Automatic Control},
  year = {1985},
  volume = {AC-30},
  pages = {87-89},
  number = {1}
}

@ARTICLE{kod.ltcyc,
  author = {D. E. Koditschek and K. S. Narendra},
  title = {Limit Cycles of Planar Quadratic Systems},
  journal = {{Journal of Differential Equations}},
  year = {1984},
  volume = {54},
  number = {2},
  month = {Sept}
}

@ARTICLE{kod&ksn.tac83,
  author = {D. E. Koditschek and K. S. Narendra},
  title = {Stabilizability of Second Order Bilinear Systems},
  journal = {{IEEE Transactions on Automatic Control}},
  year = {1983},
  volume = {AC-28},
  pages = {987-989},
  number = {10},
  month = {Oct}
}

@ARTICLE{kod&ksn.tac82,
  author = {D. E. Koditschek and K. S. Narendra},
  title = {The Stability of Second Order Quadratic Differential Equations},
  journal = {{IEEE Transactions on Automatic Control}},
  year = {1982},
  volume = {AC-27},
  pages = {783-798},
  number = {4},
  month = {Aug}
}

@ARTICLE{kod&ksn.smc,
  author = {D. E. Koditschek and K. S. Narendra},
  title = {Fixed Structure Automata in a Multi-Teacher Environment},
  journal = {{IEEE Transactions on Systems, Man, and Cybernetics}},
  year = {1977},
  volume = {SMC-7},
  pages = {616-624},
  number = {8},
  month = {Aug}
}

@TECHREPORT{kod.8803,
  author = { D. E. Koditschek and E. Rimon},
  title = {Navigation Functions for Robot Obstacle Avoidance},
  institution = {Center for Systems Science, Yale University},
  year = {{1988 }},
  number = {8803},
  month = {January}
}

@ARTICLE{kod&rimon.aam,
  author = {Daniel E. Koditschek and Elon Rimon},
  title = {Robot Navigation Functions on Manifolds with Boundary},
  journal = {Advances in Applied Mathematics},
  year = {1990},
  volume = {11},
  pages = {412-442}
}

@ARTICLE{kod&levin.esd89,
  author = { F. Levin and M. {B\"uhler} and L. Whitcomb and D. E. Koditschek},
  title = {Transputer Computer Juggles Real-Time Robotics},
  journal = {Electronic Systems Design},
  year = {1989},
  volume = {19},
  pages = {77-82 },
  number = {2},
  month = {Feb}
}

@TECHREPORT{kod.8701,
  author = {F. Levin and M. B{\"{u}}hler and D. E. Koditschek},
  title = {A Prototype Processing Cell for Distributed Real Time Control},
  institution = {Center for Systems Science, Yale University},
  year = {{1987 }},
  number = {8701},
  month = {Mar}
}

@INPROCEEDINGS{kod&levin.osu88,
  author = {F. Levin and M. B{\"{u}}hler and D. E. Koditschek},
  title = {The {Y}ale {R}eal-{T}ime {D}istributed {C}ontrol {N}ode},
  booktitle = {Second Annual Workshop on Parallel Computing},
  year = {1988},
  address = {Portland, Ore.},
  month = {Apr},
  organization = {Oregon State University}
}

@INPROCEEDINGS{elon.icra91,
  author = {Elon Rimon},
  title = {A Navigation Function for a Simple Rigid Body},
  booktitle = {Proc. IEEE Int. Conf. Rob. and Aut.},
  year = {1991},
  pages = {2-7},
  address = {Sacramento, CA},
  month = {April},
  publisher = {IEEE Computer Society}
}

@TECHREPORT{kod.8809,
  author = {E. Rimon and D. E. Koditschek},
  title = {The Construction of Analytic Diffeomorphisms for Exact Robot Navigation
	on Star Worlds},
  institution = {Center for Systems Science, Yale University},
  year = {{1988 }},
  number = {8809},
  month = {Aug}
}

@ARTICLE{kod&rimon.tra,
  author = { Elon Rimon and D. E. Koditschek},
  title = {Exact Robot Navigation Using Artificial Potential Fields},
  journal = {IEEE Transactions on Robotics and Automation},
  year = {1992},
  volume = {(to appear)}
}

@ARTICLE{kod&rimon.tams,
  author = {E. Rimon and D. E. Koditschek},
  title = {The Construction of Analytic Diffeomorphisms for Exact Robot Navigation
	on Star Worlds},
  journal = { Transactions of the AmericanMathematical Society},
  year = {1991},
  volume = {327},
  pages = {71-115},
  number = {1},
  month = {Sep}
}

@INPROCEEDINGS{kod&rimon.icra90,
  author = {E. Rimon and D. E. Koditschek},
  title = {Exact Robot Navigation in Topologically Simple But Geometrically
	Complicated Environments},
  booktitle = {Proc. IEEE International Conference on Robotics and Automation},
  year = {1990},
  pages = {1937-1943},
  address = {Cincinnati, OH},
  month = {May}
}

@INPROCEEDINGS{kod&rimon.rac89,
  author = {E. Rimon and D. E. Koditschek},
  title = {The Construction of Analytic Diffeomorphisms for Exact Robot Navigation
	on Sphere Worlds},
  booktitle = {Proc. IEEE International Conference on Robotics and Automation},
  year = {1989},
  pages = {21-27},
  address = {Arizona},
  month = {May}
}

@INPROCEEDINGS{kod&rimon.rac88,
  author = {E. Rimon and D. E. Koditschek},
  title = {Exact Robot Navigation Using Cost Functions: The Case of Spherical
	Boundaries in $E{n}$},
  booktitle = {IEEE International Conference on Robotics and Automation},
  year = {1988},
  pages = {1791-1796},
  address = {Philadelphia, PA},
  month = {Apr}
}

@PHDTHESIS{elon.thesis,
  author = { Elon F. Rimon },
  title = {Exact Robot Navigation Using Artificial Potential Functions},
  school = {Yale University},
  year = {1990},
  address = {New Haven, CT},
  month = {Dec}
}

@INCOLLECTION{kod&rizzi.worldpress,
  author = {A. A. Rizzi and D. E. Koditschek},
  title = {A Dynamical Sensor for Robot Juggling},
  booktitle = {Visual Servoing --- Automatic Control of Mechanical Systems with
	Visual Sensors},
  publisher = {World Scientific},
  year = {1993 (To appear)},
  editor = {Koichi Hashimoto}
}

@INPROCEEDINGS{kod&rizzi.icra93,
  author = {A. A. Rizzi and D. E. Koditschek},
  title = {Further Progress in Robot Juggling: The Spatial Two-Juggle},
  booktitle = {IEEE Int. Conf. Robt. Aut.},
  year = {1993},
  pages = {(submitted)},
  address = {Atlanta, GA},
  month = {May}
}

@INPROCEEDINGS{kod&rizzi.iros93,
  author = {A. A. Rizzi and D. E. Koditschek},
  title = {Toward the Control of Attention in a Dynamically Dexterous Robot},
  booktitle = {IEEE Int. Conf. Robt. Aut.},
  year = {1993},
  pages = {(submitted)},
  address = {Yokohama, Japan},
  month = {July}
}

@INPROCEEDINGS{kod&rizzi.icra92,
  author = {Alfred A. Rizzi and D. E. Koditschek},
  title = {Progress in Spatial Robot Juggling},
  booktitle = {IEEE Int. Conf. Robt. Aut.},
  year = {1992},
  pages = {775-780},
  address = {Nice, France},
  month = {May}
}

@TECHREPORT{kod.8907,
  author = {A. A. Rizzi and D. E. Koditschek and M. B{\"u}hler and P. J. Kindlmann},
  title = {Preliminary Experiments Toward a Torque Controlled Variable Reluctance
	Motor},
  institution = {Center for Systems Science, Yale University},
  year = {{1989 (Revised, March 1990) }},
  number = {8907},
  month = {Mar}
}

@INCOLLECTION{kod&rizzi.herath,
  author = { Alfred A. Rizzi and Louis L. Whitcomb and D. E. Koditschek},
  title = {Distributed Real-Time Control of a Spatial Robot Juggler},
  booktitle = {Readings in Computer Architectures for Intelligent Systems},
  publisher = {IEEE Computer Society},
  year = {1992},
  editor = {J. Herath},
  pages = {(to appear)}
}

@ARTICLE{kod&rizzi.comp92x,
  author = { Alfred A. Rizzi and Louis L. Whitcomb and D. E. Koditschek},
  title = {Distributed Real-Time Control of a Spatial Robot Juggler},
  journal = {IEEE Computer},
  year = {1992},
  volume = {25},
  number = {5},
  month = {May}
}

@INPROCEEDINGS{kod&rizzi.icra91,
  author = { Alfred Rizzi and Louis L. Whitcomband Daniel E. Koditschek},
  title = {Preliminary Experiments in Robot Juggling:Transputer Based Real-Time
	Motion Control},
  booktitle = {Proc. IEEE Int. Conf. Rob. andAut. Video-Tape Session},
  year = {1991},
  address = {Sacramento, CA},
  month = {April},
  publisher = {IEEE Computer Society}
}

@INPROCEEDINGS{buehler.natug89,
  author = { C. J. Taylor and N. Vlamis andM. {B\"{u}hler} and A. Ganz},
  title = { The Cyclops Vision System},
  booktitle = {Proc. North American Transputer Users Group Meeting},
  year = {1989},
  address = {Salt Lake City, UT},
  month = {Apr}
}

@PHDTHESIS{whitcomb.thesis,
  author = {Louis L. Whitcomb },
  title = {Advances in Architectures and Algorithms for High Performance Robot
	Control},
  school = {Yale University},
  year = {1992},
  address = {New Haven, CT},
  month = {May}
}

@INPROCEEDINGS{kod&whitcomb.natug88_deleted,
  author = { Louis L. Whitcomb and M. {B\"{u}hler} and D. E. Koditschek},
  title = {Preliminary Experiments Real-Time Distributed Motion Control},
  booktitle = {Proc. North American Transputer Users Group},
  year = {1988},
  address = {NY},
  month = {Oct}
}

@INPROCEEDINGS{kod&whitcomb.romansy92,
  author = { Louis L. Whitcomb and and Daniel E. Koditschek},
  title = {Feedback Controllers for Automatic Assembly},
  booktitle = {ROMANSY},
  year = {1992},
  address = {Udine, Italy},
  month = {(submitted)},
  publisher = {IFToMM}
}

@INPROCEEDINGS{kod&whitcomb.iros91_deleted,
  author = {Louis L. Whitcomb and Daniel E. Koditschek},
  title = {Automatic Assembly Planning and Controlvia Potential Functions},
  booktitle = {Proc. IEEE International Workshopon Intelligent Robots and Systems},
  year = {1991},
  address = {Osaka, Japan},
  month = {Nov.},
  publisher = {IEEE}
}

@INPROCEEDINGS{kod&whitcomb.icra90,
  author = {L. L. Whitcomb and D. E. Koditschek},
  title = {Robot Control in a Message Passing Environment},
  booktitle = {Proc. IEEE International Conference on Robotics and Automation},
  year = {1990},
  pages = {1198-1203},
  address = {Cincinnati, OH},
  month = {May}
}

@INPROCEEDINGS{kod&whitcomb.natug90_deleted,
  author = { Louis L. Whitcomb and Daniel E. Koditschek},
  title = { Transputers at Work: Real-Time Distributed Robot Control},
  booktitle = {Proc. North American Transputer Users Group Meeting},
  year = {1990},
  month = {Oct}
}

@INPROCEEDINGS{kod&whitcomb.icra92,
  author = {Louis L. Whitcomb and D. E. Koditschek and Joao B. D. Cabrera},
  title = {Toward the Automatic Control of Robot Assembly Tasks via Potential
	Functions: The Case of 2-D Sphere Assemblies},
  booktitle = {IEEE Int. Conf. Rob. Aut.},
  year = {1992},
  pages = {775-780},
  address = {Nice, France},
  month = {May}
}

