@String{JDYN="ASME Journal of Dynamic Systems, Measurement, and Control"}
@String{JMECH="ASME Journal of  Applied Mechanics"}
@String{IJRR="The International Journal of Robotics Research"}
@String{IJC="The International Journal of Control"}
@String{SIAM="SIAM Journal on Control and Optimization"}
@String{SMC="IEEE Transactions on Systems, Man, and Cybernetics"}
@String{JOE="IEEE Journal of Oceanic Engineering"}
@String{JRA="IEEE Journal of Robotics and Automation"}
@String{TRA="IEEE Transactions on Robotics and Automation"}
@String{CSM="IEEE Control Systems Magazine"}
@String{TAC="IEEE Transactions on Automatic Control"}
@String{ICRA="Proceedings of the IEEE International Conference on Robotics and Automation"}
@String{RAC="Proceedings of the IEEE International Conference on Robotics and Automation"}
@String{CDC="IEEE Conference on Decision and Control"}
@String{COMP="IEEE Computer"}
@String{TOM="IEEE/ASME Transactions on Mechatronics"}


@ARTICLE{b,
      AUTHOR  = "",
      TITLE   = "",
      JOURNAL = "",
      YEAR    = "19",
          MONTH   = "",
      VOLUME  = "",
          NUMBER  = "",
      PAGES   = ""
     }

@INPROCEEDINGS{c,
         AUTHOR   ="",
         TITLE    ="",
         BOOKTITLE="",
         YEAR     ="19",
         PAGES    ="",
         ADDRESS  =""
         }

@INCOLLECTION{z,
         AUTHOR   ="",
         TITLE    ="",
         BOOKTITLE="",
             PUBLISHER="",
             ADDRESS  ="",
             EDITOR   ="",
             CHAPTER  ="",
             PAGES    ="",
         YEAR     =""
         }

@TECHREPORT{ q,
         AUTHOR     ="",
         TITLE      ="",
         INSTITUTION="",
         YEAR       ="",
         TYPE       ="",
         NUMBER     ="",
         ADDRESS    ="",
         MONTH      =""
         }



% ----------------------------------------------------------------------
% REFEREED JOURNAL ARTICLES
% ----------------------------------------------------------------------

@ARTICLE{ballard.deepsea2000,
      AUTHOR  = "Robert D. Ballard and Anna Marguerite McCann and Dana R. Yoerger and Louis L. Whitcomb and David A. Mindell and John Oleson and Hanumant Singh and Brendan Foley and Jonathan Adams and Dennis Picheota",
      TITLE   = "The discovery of ancient history in the deep sea using advanced deep submergence technology",
      JOURNAL = "Deep Sea Research Part 1",
      YEAR    = "2000",
      MONTH   = "September",
      VOLUME  = "47",
      NUMBER  = "9",
      PAGES   = "1591-1620"
     }


@ARTICLE{singh.cviu2000,
      AUTHOR  = "Hanumant Singh and Louis L. Whitcomb and Dana Yoergar and Oscar Pizarro",
      TITLE   = "Microbathymetric Mapping from Underwater Vehicles in the Deep Ocean",
      JOURNAL = "Computer Vision and Image Understanding",
      YEAR    = "2000",
      MONTH   = "July",
      VOLUME  = "79",
      NUMBER  = "1",
      PAGES   = "143-161"
     }


@ARTICLE{bachmayer&whitcomb.joe2001,
      AUTHOR  = "Ralf Bachmayer and Louis L. Whitcomb",
      TITLE   = "Model-Based Dynamic Thrust Control for Marine Thrusters",
      JOURNAL = JOE,
      YEAR    = "2001",
      MONTH   = "",
      VOLUME  = "",
      NUMBER  = "",
      PAGES   = ""
     }

@ARTICLE{bachmayer&whitcomb.tac2001,
      AUTHOR  = "Ralf Bachmayer and Louis L. Whitcomb",
      TITLE   = "Model Based Adaptive Identification and State Observers for Marine Thrusters",
      JOURNAL = TAC,
      YEAR    = "2001",
      MONTH   = "",
      VOLUME  = "",
      NUMBER  = "",
      PAGES   = "",
      NOTE    = "(In Preparation for submission January 2001)"
     }


@article{roy&whitcomb.tom2000,
      AUTHOR   ="Jaydeep Roy and Louis L. Whitcomb",
      TITLE    = "Design and Performance Analysis of a new semi-direct-drive robot arm",
      JOURNAL = TOM,
          VOLUME  = "",
          NUMBER  = "",
          PAGES   = "",
          MONTH   = "",
          YEAR    = "2000",
          NOTE    = "(In Preparation for submission December 2000)"
         }


@ARTICLE{bachmayer&whitcomb&grosenbaugh.joe2000,
      AUTHOR  = "Ralf Bachmayer and Louis L. Whitcomb and Mark Grosenbaugh",
      TITLE   = "An Accurate Finite-Dimensional Dynamical Model for the Unsteady Dynamics of Marine Thrusters",
      JOURNAL = JOE,
      YEAR    = "2000",
      MONTH   = "January",
      VOLUME  = "25",
      NUMBER  = "1",
      PAGES   = "146-159"
     }


@ARTICLE{whitcomb&yoerger&singh.joe99,
      AUTHOR  = "Louis L. Whitcomb and Dana R. Yoerger and Hanumant Singh",
      TITLE   = "Improved Real-time navigation and control of underwater vehicles
                     via combined doppler and long-baseline acoustic navigation",
      JOURNAL = JOE,
      YEAR    = "1999",
          MONTH   = "",
      VOLUME  = "",
          NUMBER  = "",
      PAGES   = "",
          NOTE    = "(In Preparation)"
     }


@ARTICLE{lerner&whitcomb&stoianovici&kavoussi.srs99,
      AUTHOR  = "Grey Lerner and Louis L. Whitcomb and Dan Stoianovici and Louis R. Kavoussi",
      TITLE   = "A passive seven degree of freedom positioning device for surgical robots",
      JOURNAL = TOM,
      YEAR    = "1999",
      MONTH   = "",
      VOLUME  = "",
      NUMBER  = "",
      PAGES   = "",
      NOTE    = "(In Preparation)"
     }



@ARTICLE{paky.rcm.jcas99,
      AUTHOR  = "Dan Stoianovici and Jefferey A. Cadeddu and Roger D. Demaree and Stephen
A.  Basile and Russell H. Taylor and Louis L. Whitcomb and Louis R. Kavoussi",
      TITLE   = "RCM \& PAKY:A modular remote center of motion robot linkage and
                     radiolucent mechanical needle-insertion mechanism for percutaneous
                     renal access",
      JOURNAL = "Journal of Computer Aided Surgery",
      YEAR    = "1999",
          MONTH   = "",
      VOLUME  = "",
          NUMBER  = "",
      PAGES   = "",
          NOTE    = "(In Preparation)"
     }



@article{roy&whitcomb.tra2000,
      AUTHOR   ="Jaydeep Roy and Louis L. Whitcomb",
      TITLE    = "Adaptive Force Control with Position/Velocity Controlled Robots: Theory and Experiment",
      JOURNAL = TRA,
          VOLUME  = "",
          NUMBER  = "",
          PAGES   = "",
          MONTH   = "",
          YEAR    = "2000",
          NOTE    = "(In Preparation for submission October 2000)"
         }


@article{roy&whitcomb.tom99,
      AUTHOR   ="Jaydeep Roy and Louis L. Whitcomb",
      TITLE    = "Comparative structural analysis of {2-DOF}
                      semi-direct-drive linkages for robot arms",
      JOURNAL = TOM,
          VOLUME  = "4",
          NUMBER  = "1",
          PAGES   = "82-86",
          MONTH   = "March",
          YEAR    = "1999"
         }


@ARTICLE{whitcomb&yoerger.joe99_1,
      AUTHOR  = "Louis L. Whitcomb and Dana R. Yoerger",
      TITLE   = "Development, Comparison, and
                    Preliminary Experimental Validation of
                    Non-Linear Dynamic Thruster Models",
      JOURNAL = JOE,
          VOLUME  = "24",
          NUMBER  = "4",
          PAGES   = "481-494",
          MONTH   = "October",
          YEAR    = "1999"
     }


@ARTICLE{whitcomb&yoerger.joe99_2,
      AUTHOR  = "Louis L. Whitcomb and Dana R. Yoerger",
      TITLE   = "Preliminary Experiments in Model-Based Thruster Control for
                     Underwater Vehicle Positioning",
      JOURNAL = JOE,
          VOLUME  = "24",
          NUMBER  = "4",
          PAGES   = "494-506",
          MONTH   = "October",
          YEAR    = "1999"
     }


@ARTICLE{whitcomb&yoerger.joe96_1_old,
      AUTHOR  = "Louis L. Whitcomb and Dana R. Yoerger",
      TITLE   = "Preliminary Experiments in the Dynamical Control of Marine Thrusters
                    Part 1: Dynamical Modeling",
      JOURNAL = JOE,
      YEAR    = "1996",
          NOTE    = "(Under Review)"
     }


@ARTICLE{whitcomb&yoerger.joe96_2_old,
      AUTHOR  = "Louis L. Whitcomb and Dana R. Yoerger",
      TITLE   = "Preliminary Experiments in the Dynamical Control of Marine Thrusters
                     Part 2: Thrust and Position Control",
      JOURNAL = JOE,
      YEAR    = "1996",
          NOTE    = "(Under Review)"
     }


@ARTICLE{teleprog.joe98,
      AUTHOR  = "Craig P. Sayers and Richard P. Paul and Josko Catipovic and Louis L. Whitcomb and Dana Yoerger",
      TITLE   = "Teleprogramming for Subsea Teleoperation using Acoustic Communication",
      JOURNAL = JOE,
          VOLUME  = "23",
          NUMBER  = "1",
          PAGES   = "60-71",
          MONTH   = "January",
      YEAR    = "1998"
     }


@ARTICLE{whitcomb&arimoto.tra97,
    AUTHOR = "Louis L. Whitcomb and Suguru Arimoto
              and Tomohide Naniwa and Fumio Ozaki",
    TITLE  = "Adaptive Model-Based Hybrid Control of
                  Geometrically Constrained Robot Arms.",
    Journal= TRA,
        VOLUME = "13",
        NUMBER = "1",
        PAGES  = "105-116",
        Month  = "February",
        Year   = "1997"
        }


@article{whitcomb&arimoto.csm96,
           AUTHOR = "Louis L. Whitcomb and Suguru Arimoto and Tomohide Naniwa and Fumio Ozaki",
           TITLE  = "Experiments in Adaptive Model-Based Robot Force Control",
           JOURNAL= CSM,
               VOLUME = "16",
               NUMBER = "1",
               PAGES  = "49-57",
               Month  = "February",
               Year   = "1996",
               Note   =  "(Invited paper)"
            }



@ARTICLE{whitcomb&kod.tra93,
     AUTHOR = "Louis L. Whitcomb and Alfred Rizzi
                   and Daniel E. Koditschek",
         TITLE  = "Comparative Experiments with a New
                   Adaptive Controller for Robot Arms",
     Journal= TRA,
     VOLUME = "9",
     NUMBER = "1",
     PAGES  = "59-70",
         Month  = "February",
     Year   = "1993"
    }


@ARTICLE{kod&rizzi.comp92
    ,Author ="  Alfred A. Rizzi and Louis L. Whitcomb  and  D. E. Koditschek"
    ,Title  ="Distributed Real-Time Control of a Spatial Robot Juggler"
    ,Journal="IEEE Computer"
    ,Volume ="25"
    ,Number ="5"
        ,Pages  ="12-24"
    ,Month  ="May"
    ,Year   ="1992"
    }



% ----------------------------------------------------------------------
% REFEREED CONFERENCE PAPERS
% ----------------------------------------------------------------------

@INPROCEEDINGS{elevators.oceans2000,
      AUTHOR  = "Martin Bowen and P.J. Bernard and Denzel Gleason and Louis L. Whitcomb",
      TITLE   = "Elevators - Autonomous Transporters For Deep Sea Benthic Sample Recovery",
      BOOKTITLE = "Proceedings of IEEE Oceans'2000",
      YEAR    = "2000",
      MONTH   = "September",
      VOLUME  = "1",
      PAGES   = "343-348",
      LOCATION = "Providence, Rhode Island"
     }



@TECHREPORT{elevators.techreport2000,
      AUTHOR  = "Martin Bowen and P.J. Bernard and Denzel Gleason and Louis L. Whitcomb",
      TITLE   = "Elevators - Autonomous Transporters For Deep Sea Benthic Sample Recovery",
      YEAR    = "2000",
         INSTITUTION="Deep Submergence Laboratory,
                          Woods Hole Oceanographic Institution",
         TYPE       ="Technical Report WHOI-00-01",
         ADDRESS    ="Woods Hole, MA, USA",
         MONTH      ="January"
     }


@INPROCEEDINGS{whitcomb.survey.icra2000,
         AUTHOR   ="Louis L. Whitcomb",
         TITLE    ="Underwater Robotics: Out of the research laboratory and into the field",
         BOOKTITLE= RAC,
         PAGES    ="709-716",
         YEAR     ="2000",
         MONTH    ="May",
         LOCATION ="San Francisco, CA"

         }


@INPROCEEDINGS{roy&whitcomb.icra2000,
         AUTHOR   ="Jaydeep Roy and Randal Goldberg and Louis L. Whitcomb",
         TITLE    ="Structural design and analysis of a new semi-direct drive robot arm: theory and experiment",
     BOOKTITLE= RAC,
         PAGES    ="1517-1524",
         YEAR     ="2000",
         MONTH    ="May",
         LOCATION ="San Francisco"
         }

@INPROCEEDINGS{pizarro.icra2000,
         AUTHOR   ="Oscar Pizarro and Hanumant Singh and Louis L. Whitcomb and Dana R. Yoerger",
         TITLE    ="Towards in-situ Sonar Calibration for High-Resolution Bathymetric Mapping with Underwater Robotic Vehicles",
         BOOKTITLE= RAC,
         PAGES    ="1767-1774",
         YEAR     ="2000",
         MONTH    ="May",
         LOCATION ="San Francisco"
         }

@INPROCEEDINGS{steadyhand.icra2000,
         AUTHOR   ="Rajesh Kumar and Peter Berkelman and  Puneet Gupta and Aaron Barnes and Patrick Jensen and Louis L. Whitcomb and Russell H. Taylor",
         TITLE    ="Preliminary experiments in cooperative human/robot force control for robot assisted microsurgical manipulation",
         BOOKTITLE= RAC,
         PAGES    ="610-617",
         YEAR     ="2000",
         MONTH    ="May",
         LOCATION ="San Francisco"
         }


@INCOLLECTION{whitcomb.isrr99,
         AUTHOR   ="Louis L. Whitcomb and Dana R. Yoerger and Hanumant Singh and Jonathan Howland",
         TITLE    ="Advances in underwater robot vehicles for deep ocean exploration: navigation, control, and survey operations",
         BOOKTITLE=" Robotics Research - The Ninth International Symposium",
             PUBLISHER="Springer-Verlag",
             ADDRESS  ="London",
             EDITOR   ="J. Hollerbach and D. Koditschek",
             CHAPTER  ="13",
             PAGES    ="439-448",
         YEAR     ="1999"
         }


@INPROCEEDINGS{bachmayer.thrust.uust99,
         AUTHOR   ="Ralf Bachmayer and Louis L. Whitcomb",
         TITLE    ="Toward dynamic thrust control of marine thrusters",
         BOOKTITLE="Proceedings of the the 11th International Symposium on Unmanned Untethered Submersible Technology",
         YEAR     ="1999",
         MONTH    ="August",
         PAGES    ="407-414",
         ADDRESS  ="Durham, New-Hampshire, USA"
         }

@INPROCEEDINGS{smallwood.rov.uust99,
         AUTHOR   ="David Smallwood and Ralf Bachmayer and Louis L. Whitcomb",
         TITLE    ="A new remotely operated vehicle for dynamics and control research",
         BOOKTITLE="Proceedings of the the 11th International Symposium on Unmanned Untethered Submersible Technology",
         YEAR     ="1999",
         MONTH    ="August",
         PAGES    ="370-377",
         ADDRESS  ="Durham, New-Hampshire, USA"
         }


@INPROCEEDINGS{whitcomb.nav.uust99,
         AUTHOR   ="Louis L. Whitcomb and Dana R. Yoerger and Hanumant Singh and Jonathan Howland",
         TITLE    ="Combined {Doppler/LBL} Based Navigation of Underwater Vehicles",
         BOOKTITLE="Proceedings of the the 11th International Symposium on Unmanned Untethered Submersible Technology",
         YEAR     ="1999",
             MONTH    ="August",
         ADDRESS  ="Durham, New-Hampshire, USA"
         }




@INPROCEEDINGS{whitcomb&yoerger&singh.icra99,
         AUTHOR   ="Louis L. Whitcomb and Dana R. Yoerger and Hanumant Singh",
         TITLE    ="Advances in Doppler-Based Navigation of Underwater Robotic Vehicles",
         BOOKTITLE= RAC,
             PAGES    ="",
         YEAR     ="1999",
             MONTH    ="May",
             LOCATION ="Detroit, Michigan",
             NOTE     ="(Invited paper)"
         }



@INPROCEEDINGS{bachmayer&whitcomb&grosenbaugh.isope99,
         AUTHOR   ="Ralf Bachmayer and Louis L. Whitcomb and Mark Grosenbaugh",
         TITLE    ="Advances in Dynamical Modeling of Marine Thrusters",
         BOOKTITLE="ISOPE-99: Proceedings of the 9th International Offshore and Polar Engineering Conference",
         YEAR     ="1999",
             PAGES    ="",
             EDITOR   ="J. S. Chung",
         ADDRESS  ="Brest, France"
         }

@INPROCEEDINGS{bachmayer&whitcomb&grosenbaugh.oceans98,
      AUTHOR  = "Ralf Bachmayer and Louis L. Whitcomb and Mark Grosenbaugh",
      TITLE   = "A four-quadrant finite-dimensional thruster model",
      BOOKTITLE = "Proceedings of IEEE Oceans'98",
      YEAR    = "1998",
          MONTH   = "September",
          VOLUME  = "2",
      PAGES   = "660-666",
          LOCATION = "Nice, France"
     }


@INPROCEEDINGS{singh&howland&yoerger&whitcomb.oceans98,
      AUTHOR  = "Hanumant Singh and Jonathan Howland and Dana Yoerger and Louis L. Whitcomb",
      TITLE   = "Quantitative photomosaicing of underwater imaging",
      BOOKTITLE = "Proceedings of IEEE Oceans'98",
      YEAR    = "1998",
      MONTH   = "September",
      PAGES   = "263-266",
      LOCATION = "Nice, France"
     }

@INPROCEEDINGS{nakamura&bachmayer&whitcomb&grosenbaugh.isope98,
         AUTHOR   ="Masahiko Nakamura and Ralf Bachmayer and Louis L. Whitcomb and Mark Grosenbaugh",
         TITLE    ="$H^{\infty} $ control of Thruster for AUV",
         BOOKTITLE="ISOPE-98: Proceedings of the 8th International Offshore and Polar Engineering Conference",
         YEAR     ="1998",
             PAGES    ="255-262",
             EDITOR   ="J. S. Chung",
         ADDRESS  ="Montreal, Canada"
         }


@INCOLLECTION{paky.miccai98,
         AUTHOR   ="Dan Stoianovici and Louis L. Whitcomb and James H. Anderson and
                        Russell H. Taylor and Louis R. Kavoussi",
         TITLE = "A Modular Surgical System for Image Guided Percutaneous Procedures",
         BOOKTITLE= "Lecture Notes in Computer Science 1496:
                         Medical Imaging and Computer-Assisted Intervention - MICCAI'98",
         YEAR     ="1998",
             MONTH= "October",
             PAGES= "404-410",
             VOLUME = "1496",
             LOCATION="Cambridge, MA",
             PUBLISHER="Springer-Verlag",
             ADDRESS  ="Berlin, Germany",
             Editor="W. M. Wells and A. Colchester and S. Delp",
             }


@INCOLLECTION{whitcomb&yoerger&singh&mindell.isrr97,
         AUTHOR   ="Louis L. Whitcomb and Dana R. Yoerger and Hanumant Singh and David A Mindell",
         TITLE    ="Towards Precision Robotic Maneuvering, Survey, and Manipulation
                        in Unstructured Undersea Environments",
         BOOKTITLE=" Robotics Research - The Eighth International Symposium",
             PUBLISHER="Springer-Verlag",
             ADDRESS  ="London",
             EDITOR   ="Y. Shirai and S. Hirose",
             CHAPTER  ="2",
             PAGES    ="45-54",
         YEAR     ="1998"
         }

%             NOTE     = "ISBN: 3540762442 (Invited paper)"

@INPROCEEDINGS{roy&whitcomb.icra97,
         AUTHOR   ="Jaydeep Roy and Louis L. Whitcomb",
           TITLE = "Structural Design Optimization and
                        Comparative Analysis
                        of a New High-Performance
                    Robot Arm via Finite Element Analysis",
         BOOKTITLE= RAC,
         YEAR     ="1997",
             MONTH= "April",
             PAGES = "2190-2197",
             VOLUME = "3",
             LOCATION="New Mexico, USA"
         }


@INPROCEEDINGS{paky.wam97,
         AUTHOR   ="Dan Stoianovici and Jefferey A. Cadeddu and Roger D. Demaree and Stephen A. Basile and
                        Russell H. Taylor and Louis L. Whitcomb and William N. Sharpe and Louis R. Kavoussi",
         TITLE = "A Novel Mechanical Transmission for Percutaneous Procedures",
         BOOKTITLE= "Proceedings of the ASME Dynamic Systems and Control Division, 1997 ASME International Mechanical Engineering Congress and Exposition",
             VOLUME="DSC-61",
             PAGES = "401-406",
         YEAR     ="1997"
         }


@INCOLLECTION{paky.mrcas97,
         AUTHOR   ="Dan Stoianovici and Jefferey A. Cadeddu and Roger D. Demaree and Stephen A. Basile and
                        Russell H. Taylor and Louis L. Whitcomb and William N. Sharpe and Louis R. Kavoussi",
         TITLE = "An Efficient Needle Injection Technique and Radiological Guidance
                      Method for Percutaneous Procedures",
         BOOKTITLE= "Lecture Notes in Computer Science 1205:
                         CVRMed-MRCAS'97:  Proceedings of the First Joint Conference of
                         Computer Vision, Virtual reality, and Robotics II (CVRMed II)
                         and Medical Robotics and Computer Assisted Surgery III (MRCAS III)",
         YEAR     ="1997",
             MONTH= "March",
             PAGES= "295-298",
             VOLUME = "1205",
             LOCATION="Grenoble, France",
             PUBLISHER="Springer-Verlag",
             ADDRESS  ="Berlin, Germany",
             Editor="J. Troccaz and E. Grimson and R. Mosges"
             }


@INPROCEEDINGS{whitcomb&yoerger.icra96,
         AUTHOR   ="Louis L. Whitcomb and Dana R. Yoerger",
         TITLE    ="Preliminary Experiments in the
            Model-Based Dynamic Control of
            Marine Thrusters",
         BOOKTITLE= RAC,
         YEAR     ="1996",
             PAGES    ="2160-2165",
             MONTH    ="April",
             VOLUME   ="3",
             LOCATION ="Minneapolis, MN, USA",
         NOTE     ="(Invited paper)"
         }


@INPROCEEDINGS{whitcomb&yoerger.isope96,
         AUTHOR   ="Louis L. Whitcomb and Dana R. Yoerger",
         TITLE = "Towards Improved Control of Thruster Dynamics in ROV Station-Keeping",
         BOOKTITLE= "Proceedings of the 6th International Offshore and Polar Engineering Conference",
         YEAR     ="1996",
             MONTH= "May",
             LOCATION="Los Angeles, CA, USA",
             PAGES = "265-272",
             EDITOR   ="J. S. Chung",
         NOTE="(Invited paper)"
         }


@INPROCEEDINGS{whitcomb&arimoto.icra95,
           AUTHOR = "Louis L. Whitcomb
          and Suguru Arimoto
          and Tomohide Naniwa
          and Fumio Ozaki",
           TITLE = "Experiments in Adaptive Model-Based Robot Force Control",
           BOOKTITLE= RAC,
               Year      ="1995",
               MONTH     ="May",
               Location  = "Nagoya, Japan",
               VOLUME    ="2",
               PAGES     ="1846-1853"
            }


@inproceedings{whitcomb&yoerger.oceans95,
           AUTHOR = "Louis L. Whitcomb  and Dana R. Yoerger",
           TITLE = "Comparative Experiments in the
            Dynamics and Model-Based Control of
            Marine Thrusters",
           BOOKTITLE  ="Proceedings of IEEE/MTS OCEANS'95",
               VOLUME     ="2",
               PAGES      ="1019-1028",
               Year       ="1995",
               Month      ="October",
               Location="San Diego, CA, USA"
              }



@INPROCEEDINGS{naniwa.icra94,
           AUTHOR = "Tomohide Naniwa
          and Suguru Arimoto
          and Louis L. Whitcomb",
            TITLE = "Learning control for robot tasks under geometric constraints",
                BOOKTITLE = ICRA,
                month   = "May",
                Year    ="1994",
            Address = "San Diego, CA, USA",
                Volume  = "4",
        PAGES   ="2921-2927"
              }


@INPROCEEDINGS{arimoto.natural94,
           AUTHOR = "Suguru Arimoto
          and Tomohide Naniwa
          and Vicente Parra-Vega
          and Louis L. Whitcomb",
           TITLE = "A Natural PD Control for Robot Manipulators and its
            Role in Adaptive and Learning Controls",
              BOOKTITLE=  "Proceedings of the International Symposium of Robotics and Manufacturing",
              Location  = "Hawaii, USA",
              YEAR      = "1994",
              PAGES     = "397-404",
              MONTH     = "August"}


@INPROCEEDINGS{whitcomb.iser93,
           AUTHOR = "Louis L. Whitcomb
          and Suguru Arimoto
          and Tomohide Naniwa
          and Fumio Ozaki",
          TITLE     = "An Experimental Environment
                    for Adaptive Robot Force Control",
              BOOKTITLE =  "Lecture Notes in Control and
                            Information Sciences 200: Experimental Robotics III",
          EDITOR    ="T. Yoshikawa and F. Miyazaki",
              VOLUME    ="200",
              Location  ="Kyoto, Japan",
              YEAR      ="1994",
          PAGES     ="152-166",
              PUBLISHER ="Springer-Verlag",
              NOTE = "ISBN: 3540199055"
               }



@INPROCEEDINGS{whitcomb&yoerger.iros93,
               AUTHOR    = "Louis L. Whitcomb and Dana R. Yoerger",
               TITLE     = "A New Distributed Real-Time Control System
                    for the {Jason} Underwater Robot",
               BOOKTITLE = "Proceedings of the IEEE/RSJ International Workshop
                    on Intelligent Robots and Systems",
               YEAR      = "1993",
                       MONTH     = "July",
                       VOLUME    = "1",
                       PAGES     = "368-374",
               PUBLISHER = "IEEE",
               ADDRESS   = "Yokohama, Japan"
               }


@INPROCEEDINGS{dsl.team.oceans93,
               AUTHOR = "David A. Mindell and  Dana R. Yoerger and
                                 Lee E. Freitag and Louis L. Whitcomb and
                                 Robert L. Eastwood",
               TITLE = "{JasonTalk}: A Standard {ROV} Vehicle Control System",
               BOOKTITLE= "Proceedings of IEEE/MTS OCEANS'93",
               YEAR      = "1993",
               MONTH     = "October",
               PAGES     = "253-258",
               ADDRESS   = "Victoria, BC, Canada"
               }


% STOP HERE Dec 22 1998

@INPROCEEDINGS{whitcomb&kod.icra92,
         AUTHOR   ="Louis L. Whitcomb and Daniel E. Koditschek",
         TITLE    ="Toward The Automatic Control
                        of Robot Assembly Tasks via Potential Functions:
                    The Case of 2-D Sphere Assemblies",
         BOOKTITLE=RAC,
             VOLUME   ="3",
             PAGES    ="2186-2191",
         YEAR     ="1992",
         PUBLISHER = "IEEE",
             ADDRESS  ="Nice, France"
         }



@INPROCEEDINGS{kod&whitcomb.iros91,
               AUTHOR = "Louis L. Whitcomb and Daniel E. Koditschek",
               TITLE = "Automatic Assembly Planning and Control
                via Potential Functions",
               BOOKTITLE= "Proceedings of the IEEE/RSJ International Workshop
                    on Intelligent Robots and Systems",
               ADDRESS   = "Osaka, Japan",
               YEAR      = "1991",
               MONTH     = "November",
               PUBLISHER ="IEEE",
                       VOLUME    ="1",
                       PAGES     ="17-23"
               }



@INPROCEEDINGS{kod&rizzi.video.icra91,
    AUTHOR = " Alfred Rizzi and   Louis L. Whitcomb and Daniel E. Koditschek",
    TITLE  = "Preliminary Experiments in Robot Juggling: Transputer Based Real-Time Motion Control",
    BOOKTITLE= "Proc.  IEEE Int. Conf. Rob. and Aut. Video-Tape Session",
    YEAR = "1991",
    PUBLISHER ="IEEE",
    ADDRESS = "Sacramento, CA",
    MONTH = "April"
         }

@INPROCEEDINGS{whitcomb&kod.icra91,
        AUTHOR  = " Louis L. Whitcomb and Alfred Rizzi and Daniel E. Koditschek",
        TITLE   = "Comparative Experiments with a New Adaptive Controller for Robot Arms",
        BOOKTITLE= ICRA,
        PUBLISHER ="IEEE",
    ADDRESS = "Sacramento, CA",
        YEAR    = "1991",
    MONTH   = "April",
        VOLUME  = "1",
    PAGES   ="2-7"
    }


@INPROCEEDINGS{whitcomb&kod.rac90,
         AUTHOR   ="Louis L. Whitcomb and Daniel E. Koditschek",
         TITLE    ="Robot Control in a Message passing Environment: Theoretical Questions and Preliminary Experiments",
             BOOKTITLE= ICRA,
             PUBLISHER ="IEEE",
         YEAR     ="1990",
         MONTH   = "MAY",
             VOLUME   ="2",
             PAGES    ="1198-1203",
         ADDRESS  ="Cincinnati, Ohio"
         }


@INPROCEEDINGS{compcon89,
    AUTHOR = "M. B{\"{u}}hler and L. Whitcomb and F. Levin and D. E. Koditschek",
    TITLE = "A New Distributed Real-Time Controller for Robotics Applications",
    BOOKTITLE= "Proceedings of the {34th} IEEE Computer Society  International Conference --- COMPCON",
    PUBLISHER = "IEEE",
    ADDRESS = "San Francisco, CA, USA",
    YEAR = "1989",
    MONTH = "February",
    PAGES ="63-68",
    }


% ----------------------------------------------------------------------
% NON-REFEREED JOURNAL ARTICLES
% ----------------------------------------------------------------------
@ARTICLE{nakamura&bachmayer&whitcomb&grosenbaugh.twjsna98,
         AUTHOR   ="Masahiko Nakamura and Ralf Bachmayer and Louis L. Whitcomb and Mark Grosenbaugh",
         TITLE    ="Control of Marine Thruster",
         JOURNAL  ="Transactions of the West-Japan society of naval architects",
             VOLUME   ="96",
         YEAR     ="1998",
         MONTH    ="August",
             PAGES    ="93-109",
             NOTE     ="(In Japanese)"
         }


@article{naniwa.sice95,
     AUTHOR = "Tomohide Naniwa
               and Suguru Arimoto
           and Louis L. Whitcomb
           and Y. H. Liu",
         TITLE = "Model-Based Adaptive Control for
          Geometrically Constrained Manipulators",
    Journal= "Transactions of the Society of Instrument and
          Control Engineers",
        YEAR  ="1995",
    MONTH ="January",
    VOLUME="31",
    NUMBER="1",
    PAGES ="22-30",
        NOTE="(In Japanese)"
       }


@ARTICLE{kod&levin&mb&llw.esd89,
     AUTHOR  =  "F. Levin and M. {B\"uhler} and L. Whitcomb and D. E. Koditschek",
     TITLE  =  "Transputer Computer Juggles Real-Time Robotics",
     JOURNAL=  "Electronic Systems Design",
     VOLUME ="19",
     Number ="2",
     Pages  ="77-82",
     MONTH  ="February",
     YEAR   ="1989"
    }



% ----------------------------------------------------------------------
% NON-REFEREED CONFERENCE PAPERS
% ----------------------------------------------------------------------

@INPROCEEDINGS{bachmayer&whitcomb.uust97,
         AUTHOR   ="Ralf Bachmayer and Louis L. Whitcomb and Masahiko Nakamura and Mark Grosenbaugh",
         TITLE    ="Unsteady Three-Axis Force, Torque and Flow Dynamical Modeling and Experiments with Marine Thrusters",
         BOOKTITLE="Proceedings of the the 10th International Symposium on Unmanned Untethered Submersible Technology",
         YEAR     ="1997",
             MONTH    ="September",
         ADDRESS  ="Durham, New-Hampshire, USA"
         }


@ARTICLE{whitcomb&yoerger.ciss96,
      AUTHOR  = "Louis L. Whitcomb and Dana R. Yoerger",
      TITLE   = "Nonlinear Dynamical Modeling and Control Problems in the Actuation of
                    Marine Vehicles",
      JOURNAL = "1996 Conference on Information Science and Systems",
          MONTH   = "March",
          ADDRESS = "Princeton, New Jersey, USA",
      YEAR    = "1996",
          PAGES   = "753-758",
          VOLUME  ="2",
          Editors ="S.R. Kulkarni and Michael T. Orchard",
          XNOTE   = "(Invited paper)"
     }

@INPROCEEDINGS{whitcomb&arimoto.yale94,
           AUTHOR = "Louis L. Whitcomb
          and Suguru Arimoto
          and Tomohide Naniwa
          and Fumio Ozaki",
           TITLE = "High Performance Adaptive Model-Based Force Control
                       of Robot Arms: Theory and Practice",
              BOOKTITLE=  "Proceedings of the Eighth Yale Workshop on Adaptive and Learning Systems",
              Location  = "New Haven, CT, USA",
              YEAR      ="1994",
              PAGES   = "72-78",
              MONTH     ="June"}


@INPROCEEDINGS{whitcomb&arimoto.rsj93,
               AUTHOR = "Louis L. Whitcomb
              and Suguru Arimoto
              and Tomohide Naniwa
              and Fumio Ozaki",
               TITLE = "An Experimental Environment for
                                Adaptive Robot Force Control",
                        BOOKTITLE  = "Proceedings of the Robotics
                                      Society of Japan Third Robot Symposium",
                        YEAR       ="1993",
                        MONTH      ="June",
                        ADDRESS    = "Osaka, Japan",
                PUBLISHER  ="RSJ",
            NOTE       ="(In English)"
               }


@INPROCEEDINGS{naniwa&arimoto.rsj93,
               AUTHOR = "Tomohide Naniwa
              and Suguru Arimoto
              and Louis L. Whitcomb
              and Y. H. Liu
            and J. Fujiki",
                TITLE      = "Model-Based Adaptive Control for
                      Geometrically Constrained Manipulators",
                        BOOKTITLE  = "Proceedings of the Robotics
                                      Society of Japan Third Robot Symposium",
                        YEAR       ="1993",
                        MONTH      ="June",
                        ADDRESS    = "Osaka, Japan",
            PAGES      ="339-344",
                PUBLISHER  ="RSJ",
            NOTE       ="(In Japanese)"
               }


@INPROCEEDINGS{whitcomb.www93,
           AUTHOR = "Louis L. Whitcomb
          and Suguru Arimoto
          and Tomohide Naniwa
          and Fumio Ozaki",
           TITLE = "Preliminary Experiments with a New Adaptive
                        Model Based Robot Control System",
              BOOKTITLE=  "Proceedings of 1993 IEEE/Nagoya
                           University WWW
                           Workshop on Learning and Adaptive Systems",
              YEAR     ="1993",
              MONTH     ="October",
              ADDRESS = "Nagoya, Japan"}


@INPROCEEDINGS{kod&whitcomb.natug90,
               AUTHOR  =  " Louis L. Whitcomb and  D.  E. Koditschek"
              ,TITLE   = "Transputers at Work: Real-Time Distributed
                  Robot Control",
               BOOKTITLE= "Proceedings of the North American Transputer Users  Group"
              ,YEAR    = "1990",
               ORGANIZATION="",
               PUBLISHER   ="",
               ADDRESS  =   "New York, USA",
               MONTH   = "October"
               }

 @INPROCEEDINGS{kod&whitcomb.natug88,
               AUTHOR  =  " Louis L. Whitcomb and M. {B\"{u}hler} and  D.  E. Koditschek"
              ,TITLE   = "Preliminary Experiments Real-Time Distributed
                  Motion Control",
               BOOKTITLE= "Proceedings of the North American Transputer Users Group"
              ,YEAR    = "1988",
               ORGANIZATION="",
               PUBLISHER   ="",
               ADDRESS  =   "New York, USA",
               MONTH   = "October"
               }


% ------------------------------------------------------------
% unpublished
% ------------------------------------------------------------

@TECHREPORT{whitcomb.tag94,
         AUTHOR     ="Louis L. Whitcomb and Tom Crook",
         TITLE      ="Deep {TAG 94} {ARGO II} and {DSL120} Navigation:
                          Deployment, Calibration, and Operation",
         INSTITUTION="Deep Submergence Laboratory,
                          Woods Hole Oceanographic Institution",
         YEAR       ="1994",
         TYPE       ="Technical Report",
         ADDRESS    ="Woods Hole, MA, USA",
         MONTH      ="July"
         }


@TECHREPORT{whitcomb.force.notes.93,
         AUTHOR     ="Louis L. Whitcomb",
         TITLE      ="Notes on Robot Force Control",
         INSTITUTION="University of Tokyo,
              Department of Mathematical Engineering and Information Physics",
         YEAR       ="1993",
         TYPE       ="Technical Report",
         ADDRESS    ="Tokyo, Japan",
         MONTH      ="April"
         }


@PhDThesis{llw.thesis,
  author =  "Louis L. Whitcomb",
  title =   "Advances in Architectures and Algorithms for High
         Performance Robot Control",
  school =  "Yale University",
  year =    "1992",
  address =     "New Haven, CT, USA",
  month =   "March"
}


@TechReport{whitcomb&kod.tech92,
    AUTHOR   ="Louis L. Whitcomb and D. E. Koditschek andJoao B. D. Cabrera",
    TITLE    ="Toward the Automatic Control of Robot Assembly Tasks via Potential Functions: The Case of 2-D Sphere Assemblies",
    YEAR     ="1992",
    MONTH    ="March",
    institution ="Department of Electrical Engineering, Yale University",
    type =  "Technical Report",
    number =    "9201",
    address =   "New Haven, CT, USA"
}


@TECHREPORT{kod&rizzi&whicomb.tech91,
         AUTHOR   ="Louis L. Whitcomb and Alfred A. Rizzi and Daniel E. Koditschek",
         TITLE    ="Comparative Experiments with a New Adaptive Controller for Robot Arms.",
         INSTITUTION="Yale University, Center for Systems Science",
         YEAR       ="1991",
         TYPE       ="Technical Report",
         NUMBER     ="9101",
         ADDRESS    ="New Haven, Connecticut, USA",
         MONTH      ="January"
         }


% ----------------------------------------------------------------------
% PATENTS
% ----------------------------------------------------------------------

@MISC{srs7.patent,
      AUTHOR  = "Grey Lerner and Louis Whitcomb and Dan Stoianovici and Louis R. Kavoussi",
      TITLE   = "A Passive Seven Degree of Freedom Positioning Device for Surgical Robots and Devices",
      HOWPUBLISHED = "Provisional U.S. Patent of Invention No. XXXXXXXX filed by Johns Hopkins University",
      YEAR    = "1998",
          MONTH   = "XXXX December",
      Note    = "Assignee: Johns Hopkins University"
     }

@MISC{paky.patent,
      AUTHOR  = "Dan Stoianovici and Louis R. Kavoussi and Louis L. Whitcomb and
                     Russell H. Taylor and Jefferey A. Cadeddu and Stephen A. Basile and Roger D. Demaree",
      TITLE   = "Friction Transmission with Axial Loading and a Radiolucent Surgical Needle Drive",
      HOWPUBLISHED = "Provisional U.S. Patent of Invention No. 60/038,115 filed as regular U.S. utility and PCT application by Johns Hopkins University",
      YEAR    = "1998",
          MONTH   = "20 February",
      Note    = "Assignee: Johns Hopkins University"
     }

@MISC{capm.patent,
      AUTHOR  = "S. Choudhury and L. L. Whitcomb and T. Kelley",
      TITLE   = "A Computer Assisted Method for Conducting Library Research from a Remote Location",
      HOWPUBLISHED = "U.S. Patent Application No. 08/835,944. filed by Johns Hopkins University",
      YEAR    = "1997",
          MONTH   = "11 April",
      Note    = "Assignee: Johns Hopkins University"
     }

@MISC{v300.patent,
      AUTHOR  = "Chia P. Day and  Kenneth W. Krause and
             Louis L. Whitcomb and Berthold K. P. Horn",
      TITLE   = "Method and System for Automatically Determining the
             Position and Attitude of an Object",
      HOWPUBLISHED = "U.S. Patent \# 4,639,878",
      YEAR    = "1987",
          MONTH   = "27 January",
      Note    = "Assignee: Fanuc Robotics North America Inc."
     }


% ----------------------------------------------------------------------
% MISC
% ----------------------------------------------------------------------

@ARTICLE{nyt.broad.tag94,
      AUTHOR  = "William J. Broad",
      TITLE   = "Weird Mounds Offer Clues to the Mysteries of the Deep",
      JOURNAL = "New York Times",
      YEAR    = "1994",
          MONTH   = "August 9",
      PAGES   = "C1-C10"
     }

@booklet{yale.summer,
     AUTHOR = "Penelope Laurans and Staff",
         TITLE      ="Yale Summer and Special Programs Catalog 1991",
         INSTITUTION="Yale University",
         YEAR       ="1991",
         ADDRESS    ="53 Wall Street, New Haven, CT USA"
         }


@ARTICLE{ralf.mts98,
      AUTHOR  = "R. Bachmayer and S. Humphris and D. Fornari and C. Van Dover and J. Howland and A. Bowen and R. Elder and T.Crook and D. Gleason and W. Sellers and S. Lerner",
      TITLE   = "Oceanographic Research Using Remotely Operated Underwater Robotic Vehicles: Exploration of Hydrothermal Vent Sites On The Mid-Atlantic Ridge At 37 North 32 West",
      JOURNAL = "Marine Technology Society Journal",
      YEAR    = "1998",
          MONTH   = "Fall",
      VOLUME  = "32",
          NUMBER  = "3",
      PAGES   = "37-47"
     }

@TECHREPORT{lerner.bathy,
         AUTHOR     ="A. Grey Lerner and Louis L. Whitcomb",
         TITLE      ="Acoustic Micro-Bathymetry Data Processing and Rendering Software:
                          Release Notes for Version 2",
         INSTITUTION="Dynamical Systems and Control Laboratory,
Department of Mechanical Engineering, Johns Hopkins University",
         YEAR       ="1997",
         ADDRESS    ="Baltimore, MD",
         MONTH      ="September"
         }
