
@String{JDYN="ASME Journal of Dynamic Systems, Measurement, and Control"}
@String{JMECH="ASME Journal of  Applied Mechanics"}
@String{IJRR="The International Journal of Robotics Research"}
@String{IJC="The International Journal of Control"}
@String{SIAM="SIAM Journal on Control and Optimization"}
@String{SMC="IEEE Transactions on Systems, Man, and Cybernetics"}
@String{OE="IEEE Journal of Oceanic Engineering"}
@String{RA="IEEE Journal of Robotics and Automation"}
@String{TRA="IEEE Transactions on Robotics and Automation"}
@String{CS="IEEE Control Systems Magazine"}
@String{RACSHORT="Proc. IEEE Int. Conf. Robt. Aut."}
@String{ICRASHORT="Proc. IEEE Int. Conf. Robt. Aut."}
@String{RAC="Proceedings of the IEEE International Conference on Robotics and Automation"}
@String{ICRA="Proceedings of the IEEE International Conference on Robotics and Automation"}
@String{CDC="IEEE Conference on Decision and Control"}
@String{COMP="IEEE Computer"}
@String{SCL="Systems \& Control Letters"}
@String{JRS="Journal of Robotic Systems"}
@String{IROS="IEEE International Workshop on intelligent Robots and Systems"}
@String{JEMS="Journal of Microelectromechanical Systems"}


@article{b,
    AUTHOR  = "",
    TITLE   = "",
    JOURNAL = "",
    YEAR    = "19",
        MONTH   = "",
    VOLUME  = "",
        NUMBER  = "",
    PAGES   = ""
    }

@inproceedings{c,
    AUTHOR   ="",
    TITLE    ="",
    BOOKTITLE="",
    YEAR     ="19",
        PAGES    ="",
    ADDRESS  =""
    }

@incollection{z,
    AUTHOR   ="",
    TITLE    ="",
    BOOKTITLE="",
        PUBLISHER="",
        ADDRESS  ="",
        EDITOR   ="",
        CHAPTER  ="",
        PAGES    ="",
    YEAR     =""
    }

@techreport{c,
    AUTHOR     ="",
    TITLE      ="",
    INSTITUTION="",
    YEAR       ="",
    TYPE       ="",
    NUMBER     ="",
    ADDRESS    ="",
    MONTH      =""
    }


@phdthesis{d,
    AUTHOR     ="",
    TITLE      ="",
    SCHOOL     ="",
    YEAR       ="",
    TYPE       ="",
    ADDRESS    ="",
    MONTH      =""
    }



@inproceedings{fukuda.icra95,
    AUTHOR   ="T. Fukuda and A. Kawamoto and F. Arai and H. Matsuura",
    TITLE    ="Steering mechanism of underwater micro mobile robot",
    BOOKTITLE="Proceedings of 1995 IEEE International Conference on
                Robotics and Automation",
    YEAR     ="1995",
        PAGES    ="363-368",
    ADDRESS  ="Nagoya, Japan",
        MONTH    = "May",
    }

@inproceedings{fukuda.icra90,
    AUTHOR   ="T. Fukuda and H. Hosokai and I. Kikuchi",
    TITLE    ="Distributed type of actuators by shape memory alloy and its
                application to underwater mobile robotic mechanism",
    BOOKTITLE="Proceedings of 1990 IEEE International Conference on
                Robotics and Automation",
    YEAR     ="1990",
        PAGES    ="1316-1321",
    ADDRESS  ="Cincinnati, OH, USA",
        MONTH    = "May",
        }

@article{ayers,
    AUTHOR  = "J. Ayers and S. Kashin and D. Blidberg and D. Massa",
    TITLE   = "Biologically based underwater robots",
    JOURNAL = "Unmanned Systems",
    YEAR    = "1994",
        MONTH   = "Spring",
    VOLUME  = "12",
        NUMBER  = "2",
    PAGES   = "30-36"
    }

@article{suzumori.csm92,
    AUTHOR  = "K. Suzumori and S. Iikura and H. Tanaka",
    TITLE   = "Applying a flexible microactuator to robotic mechanisms",
    JOURNAL = "IEEE Control Systems Magazine",
    YEAR    = "1992",
        MONTH   = "February",
    VOLUME  = "12",
        NUMBER  = "1",
    PAGES   = "21-27"
    }


@ARTICLE{denavit-hartenberg,
      AUTHOR  = "J. Denavit and R. S. Hartenberg",
      TITLE   = "A Kinematic Notation for Lower Pair Mechanisms Based Upon Matrices",
      JOURNAL = "Journal of Applied Mechanics",
      YEAR    = "1955",
      PAGES   = "215-221",
      MONTH   = "Jun"
     }


@phdthesis{schemph.thesis,
    AUTHOR     ="Hagen Schemph",
    TITLE      ="Comparative Design, Modeling, and Control of Robotic Transmissions",
    SCHOOL     ="Woods Hole Oceanographic Institution and Massachusetts Institute
                     of Technology",
    YEAR       ="1990",
    MONTH      ="August",
        NOTE       ="WHOI-90-43"
    }

@article{chang&daniel.automatica92,
    AUTHOR  = "Yau-Zen chang and Ron W. Daniel",
    TITLE   = "On the Adaptive Control of Flexible Joint Robots",
    JOURNAL = SCL,
    YEAR    = "1992",
    VOLUME  = "28",
        NUMBER  = "5",
    PAGES   = "969-974"
    }

@article{spong&ortega&kelley.tac90,
    AUTHOR     ="Mark W. Spong and Romeo Ortega and Rafael Kelley",
    TITLE      ="Comments on ``Adaptive Manipulator Control: A Case Study''",
        JOURNAL  = "IEEE Transactions on Automatic Control",
    YEAR    = "1990",
        MONTH   = "June",
    VOLUME  = "35",
        NUMBER  = "6",
    PAGES   = "761-762"
    }

@article{spong.automatica95,
    AUTHOR  = "Mark. W. Spong",
    TITLE   = "Adaptive Control of Flexible Joint Manipulators: Comments on
        Two Papers",
    JOURNAL = "Automatica",
    YEAR    = "1995",
    VOLUME  = "31",
        NUMBER  = "4",
    PAGES   = "585-590"
    }




@inproceedings{spong.scl89,
        AUTHOR   ="Mark W. Spong",
    TITLE    ="Adaptive Control of Flexible Joint Manipulators",
    BOOKTITLE=SCL,
    YEAR     ="1989",
    VOLUME  = "13",
        PAGES    ="15-21"
    }

@inproceedings{dohring&lee&newman.icra93,
    AUTHOR   ="M. E. Dohring and Eunjeong Lee and W. S. Newman",
    TITLE    ="A Load-Dependent Transmission Friction Model: Theory and Experiments",
    BOOKTITLE=ICRA,
    YEAR     ="1993",
    ADDRESS  ="Atlanta, GA, USA"
    }

@article{x,
    AUTHOR  = "",
    TITLE   = "",
    JOURNAL = "",
    YEAR    = "19",
        MONTH   = "",
    VOLUME  = "",
        NUMBER  = "",
    PAGES   = ""
    }


@article{b,
    AUTHOR  = "",
    TITLE   = "",
    JOURNAL = "",
    YEAR    = "19",
        MONTH   = "",
    VOLUME  = "",
        NUMBER  = "",
    PAGES   = ""
    }



@inproceedings{arimoto&naniwa.kobe94,
    AUTHOR   ="Tomohide Naniwa and Suguru Arimoto",
    TITLE    ="Model-Based Adaptive Control for Geometrically Constrained Robot Manipulators",
    BOOKTITLE="Proceedings of JAPAN-U.S.A. Symposium on Flexible Automation",
    YEAR     ="1994",
        PAGES    ="23-30",
    ADDRESS  ="Kobe, Japan"
    }



@inproceedings{hager.xvision,
    AUTHOR  = "G. D. Hager",
    TITLE   = "The ``X-Vision'' System: A General Purpose Substrate for
           Vision-Based Robotics",
    BOOKTITLE="1995 Workshop on Vision for Robotics",
    YEAR     ="1995"
    }

@article{marks.joe95,
    AUTHOR  = "R. L. Marks and S. M. Rock and M. J. Lee",
    TITLE   = "Real-Time Video Mosaicing of the Ocean Floor",
    JOURNAL = "IEEE Journal of Oceanic Engineering",
    YEAR    = "1995",
        MONTH   = "July",
    VOLUME  = "20",
        NUMBER  = "3",
    PAGES   = "229-241"
    }


@article{odyssey.ice,
    AUTHOR  = "J. G. Bellingham and M. Deffenbaugh and J. Leonard and J. Catipovic",
    TITLE   = "Arctic under-ice survey operations",
    JOURNAL = "Unmanned Systems",
    YEAR    = "1994",
    VOLUME  = "12",
        NUMBER  = "1",
    PAGES   = "24-9"
    }


@inproceedings{josko.lan,
    AUTHOR   ="Z. Zvonar and D. Brady and J. Catipovic",
    TITLE    ="An adaptive linear multiuser receiver for deep water
                acoustic local area networks",
    BOOKTITLE="IEEE International Conference on Acoustics,
                Speech and Signal Processing",
    YEAR     ="1994",
        PAGES    ="389-92"
    }

@inproceedings{josko.rov90,
    AUTHOR   ="J. A. Catipovic and L. E. Freitag",
    TITLE    ="High data rate acoustic telemetry for moving ROVs in a
                fading multipath shallow water environment",
    BOOKTITLE="Proceedings of the Symposium on Autonomous Underwater
                Vehicle Technology. AUV '90",
    YEAR     ="1990",
        PAGES    ="296-303"
    }


@article{astrom.tnn,
    AUTHOR  = "S.P. DeWeerth and L. Nielsen and C. A. Mead and K. J. Astrom",
    TITLE   = "A simple neuron servo",
    JOURNAL = "IEEE Transactions on Neural Networks",
    YEAR    = "1991",
    MONTH   = "March",
    VOLUME  = "2",
        NUMBER  = "2",
    PAGES   = "248-51"
    }


@article{ksn&kannan.ijar,
    AUTHOR  = "K.S. Narendra and K. Parthasarathy",
    TITLE   = "Neural networks and dynamical systems",
    JOURNAL = "International Journal of Approximate Reasoning",
    YEAR    = "1992",
    MONTH   = "February",
    VOLUME  = "6",
        NUMBER  = "2",
    PAGES   = "109-131"
    }


@article{ksn&kannan.tnn,
    AUTHOR  = "K.S. Narendra and K. Parthasarathy",
    TITLE   = "Identification and control of dynamical systems using neural
                networks",
    JOURNAL = "IEEE Transactions on Neural Networks",
    YEAR    = "1990",
    MONTH   = "March",
    VOLUME  = "1",
        NUMBER  = "1",
    PAGES   = "4-27"
    }


@article{ksn&snehasis.tnn,
    AUTHOR   ="K.S. Narendra and S. Mukhopadhyay",
    TITLE   = "Associative learning in random environments using neural
                  networks",
    JOURNAL = "IEEE Transactions on Neural Networks",
    MONTH   = "January",
    YEAR    = "1991",
    VOLUME  = "2",
        NUMBER  = "1",
    PAGES   = "20-31"
    }

@inproceedings{ksn&snehasis.acc95,
    AUTHOR   ="K.S. Narendra and S. Mukhopadhyay",
    TITLE   = "Adaptive control using neural networks and approximate models",
    BOOKTITLE = "Proceedings of the 1995 American Control Conference",
    YEAR    = "1995",
        location = "Seattle, Washington"
    }

@article{ksn&bosovic.automatica95,
    AUTHOR  = "J.D. Boskovic and Narendra",
    TITLE   = "Comparison of linear, nonlinear and neural-network-based
                adaptive controllers for a class of fed-batch fermentation
                processes",
    JOURNAL = "Automatica",
    YEAR    = "1995",
    VOLUME  = "31",
        NUMBER  = "6",
    PAGES   = "817-840"
    }

@inproceedings{ksn&snehasis.cdc93,
    AUTHOR   ="K.S. Narendra and S. Mukhopadhyay",
    TITLE    ="Adaptive control of nonlinear multivariable systems using
                neural networks",
    BOOKTITLE="Proceedings of the 32nd IEEE Conference on Decision and
                  Control",
    YEAR     ="1993"
    }

@INPROCEEDINGS{ari.pid,
         AUTHOR   ="S. Arimoto and F. Miyazaki",
         TITLE    ="Stability and Robustness of {PID} Feedback Control
            for Robot Manipulators of Sensory Capability",
         BOOKTITLE="Robotics Research, First International Symposium",
             PAGE     ="783-799",
         YEAR     ="1984",
         Publisher= "MIT Press",
         ADDRESS     ="Cambridge, MA"
         }

@INPROCEEDINGS{an.icra86,
         AUTHOR   ="C. H. An and C. G. Atkeson  and J. M. Hollerbach",
         TITLE    ="Experimental Determination of the Effect of
            Feedforward Control on  Trajectory Tracking Errors",
         BOOKTITLE=RAC,
         YEAR     ="1986",
             PAGES    ="55-60",
         ADDRESS  ="San Francisco, CA, USA"
         }


@ARTICLE{asada,
     AUTHOR  = "H. Asada and T. Kanade and I. Takeyama",
     TITLE   = "Control of a Direct Drive Arm",
     JOURNAL = JDYN,
     YEAR    = "1983",
     VOLUME  = "105",
     NUMBER  = "3",
     PAGES   = "136-142"
    }

@TECHREPORT{rizzi.vrm,
         AUTHOR     ="A. A. Rizzi and D. E. Koditschek and M.
Buehler and P. J. Kindlmann",
         TITLE      ="Preliminary Experiments Toward a Torque
Controlled Variable Reluctance Motor",
         INSTITUTION="Yale University, Center for Systems Science",
         YEAR       ="1990",
         TYPE       ="Technical Report",
         NUMBER     ="8907",
         ADDRESS    ="New Haven, Connecticut, USA",
         MONTH      ="March"
         }

@ARTICLE{thistle-wonham,
      AUTHOR  = "J. G. Thistle and W. M. Wonham",
      TITLE   = "Control Problems in a Temporal Logic Framework",
      JOURNAL = IJC,
      YEAR    = "1986",
          MONTH   = "",
      VOLUME  = "44",
          NUMBER  = "4",
      PAGES   = "943-976"
     }


@INPROCEEDINGS{cheung-rac89,
         AUTHOR   ="Edward Cheung and Vladimir Lumelsky",
         TITLE    ="Development of Sensitive Skin for a 3D Robot
                        Arm Operating in an Uncertain Environment",
         BOOKTITLE=RAC,
         YEAR     ="1989",
             PAGES    ="1056-1061",
         ADDRESS  ="Scottsdale, AZ, USA"
         }

@INPROCEEDINGS{brockett-comp,
         AUTHOR   ="R. W. Brockett",
         TITLE    ="On the Computer Control of Movement",
         BOOKTITLE=RAC,
         YEAR     ="1988",
             PAGES    ="534-540",
         ADDRESS  ="Philadelphia, PA, USA"
         }

@INPROCEEDINGS{kanade-khosla-tanaka,
         AUTHOR   ="Takeo Kanade and Pradeep K. Khosla and
                        Nobuhiko Tanaka",
         TITLE    ="Real-Time Control of CMU Direct-Drive Arm II
                        Using customized Inverse Dynamics",
         BOOKTITLE=CDC,
         YEAR     ="1984",
             PAGES    ="1345-1352",
         ADDRESS  ="Las Vegas, Nevada, USA"
         }

@INPROCEEDINGS{leahy-valavanis-saridis,
         AUTHOR   ="M. B. {Leahy, Jr.} and K. P. Valavanis and
                        G. N. Saridis ",
         TITLE    ="The Effects of Dynamic Models on Robot Control",
         BOOKTITLE=RAC,
         YEAR     ="1986",
             PAGES    ="49-54",
         ADDRESS  ="San Francisco, CA, USA"
         }


@INPROCEEDINGS{lee-chang,
         AUTHOR   ="C. S. G. Lee and P. R. Chang",
         TITLE    ="Efficient Parallel Algortihm for
                        Robot Inverse Dynamics Computation",
         BOOKTITLE=RAC,
         YEAR     ="1986",
             PAGES    ="851-857",
         ADDRESS  ="San Francisco, Ca, USA"
         }


@INPROCEEDINGS{khosla-ramos,
         AUTHOR   ="Pradeep K. Khosla and Sandra Ramos",
         TITLE    ="A Comparative Analysis of the Hardware Requirements
                        for the Lagrange-Euler and Newton-Euler
                        Dynamic Formulations",
         BOOKTITLE=RAC,
         YEAR     ="1988",
             PAGES    ="291-296",
         ADDRESS  ="Philadelphia, PA, USA"
         }

@ARTICLE{luh-lin,
      AUTHOR  = "J. Y. S. Luh and C. S. Lin",
      TITLE   = "Scheduling of Parallel Computer for a Computer-Controlled
                     Mechanical Manipulator",
      JOURNAL = SMC,
      YEAR    = "1982",
          MONTH   = "",
      VOLUME  = "12",
          NUMBER  = "",
      PAGES   = "214-234"
     }

@ARTICLE{lwp-online,
      AUTHOR  = "J. Y. S. Luh and M. W. Walker and R. P. C. Paul",
      TITLE   = "On-Line Computational Scheme for
                     Mechanical Manipulators",
      JOURNAL = JDYN,
      YEAR    = "1980",
          MONTH   = "June",
      VOLUME  = "102",
          NUMBER  = "",
      PAGES   = "69-76"
     }


@INCOLLECTION{pnueli,
         AUTHOR   ="A. Pnueli",
         TITLE    ="Applications of Temporal Logic to the Specification
                        and Verification of Reactive Systems: A Survey of
                        Current Trends ",
         BOOKTITLE="Current Trends in Concurrency",
             PUBLISHER="Springer-Verlag",
             EDITOR   ="J.W.  Bakker and W.P. de Roever and G. Rozenberg",
             CHAPTER  ="9",
             PAGES    ="510-584",
         YEAR     ="1986"
         }


@ARTICLE{anderson-trajectory,
      AUTHOR  = "Russell L. Anderson",
      TITLE   = "Aggressive Trajectory Generation for a Robot Ping-Pong Player",
      JOURNAL = CS,
      YEAR    = "1989",
          MONTH   = "February",
      VOLUME  = "9",
          NUMBER  = "2",
      PAGES   = "15-20"
     }

@INPROCEEDINGS{hsu&sastry,
         AUTHOR   ="Ping Hsu and Shankar Sastry",
         TITLE    ="The Effect of Discretized Feedback in a Closed Loop System",
         BOOKTITLE="Proceedings of the 26th Conference on Decision and Control",
         YEAR     ="1987",
             PAGES    ="1518-1523",
         ADDRESS  ="Los Angeles, California, USA"
         }

@INPROCEEDINGS{salcudean&hollis,
         AUTHOR   ="S. Salcudean and R. L. Hollis",
         TITLE    ="A Magnetically Levitated Fine Motion Wrist:
Kinematics, Dynamics, and Control",
         BOOKTITLE=RAC,
         YEAR     ="1988",
             PAGES    ="261-266",
         ADDRESS  ="Philadelphia, Pennsylvania, USA"
         }

@INPROCEEDINGS{kazerooni&kim,
         AUTHOR   ="H. Kazerooni and S. Kim",
         TITLE    ="A New Architecture for Direct Drive Robots",
         BOOKTITLE=RAC,
         YEAR     ="1988",
             PAGES    ="442-445",
         ADDRESS  ="Philadelphia, Pennsylvania, USA"
         }



@ARTICLE{manzer,
      AUTHOR  = "{Manzer Et Al}"
     ,TITLE   = "Variable Reluctance Motor Characterization"
     ,JOURNAL = "IEEE Transactions on Industrial Electronics"
     ,YEAR    = "1989"
    , VOLUME  = "36"
    , NUMBER  = "1"
    }

@INPROCEEDINGS{ortega&spong,
         AUTHOR   ="R. Ortega and M. W. Spong",
         TITLE    ="Adaptive Motion Control of Rogid Robots: A Tutorial",
         BOOKTITLE=CDC,
         YEAR     ="1988",
             PAGES    ="1575-1584",
         ADDRESS  ="Austin, Texas, USA"
         }


@inproceedings{slotine&li.asme86,
         AUTHOR   ="Jean-Jacques E. Slotine and Weiping Li",
         TITLE    ="On the Adaptive Control of Robot Manipulators",
        Booktitle="ASME Annual Winter Meeting",
        place = "Anaheim, CA, USA",
         YEAR     ="1986"
         }



@ARTICLE{slotine&li.ijrr87,
         AUTHOR   ="Jean-Jacques E. Slotine and Weiping Li",
         TITLE    ="On the Adaptive Control of Robot Manipulators",
         JOURNAL  = IJRR,
         YEAR     ="1987",
         PAGES    ="49-59",
         MONTH =   "Fall",
         VOLUME  = "6",
             NUMBER  = "3",
         }

@ARTICLE{slotine&li.tac88,
         AUTHOR   ="Jean-Jacques E. Slotine and Weiping Li",
         TITLE    ="Adaptive Manipulator Control: A Case Study",
         JOURNAL  = "IEEE Transactions on Automatic Control",
         YEAR     ="1988",
         PAGES    ="995-1003",
         MONTH =   "November",
         VOLUME  = "33",
             NUMBER  = "11",
         }

@inproceedings{craig&hsu&sastry.icra86,
         AUTHOR   ="John J. Craig and Ping Hsu and S. Sastry",
         TITLE    ="Adaptive Control of Mechanical Manipulators",
         booktitle  = RAC,
         YEAR     ="1986",
         PAGES    ="190-195",
         ADDRESS     ="San Francisco, California, USA",
         MONTH =   "April"
         }

@ARTICLE{craig&hsu&sastry.ijrr87,
         AUTHOR   ="John J. Craig and Ping Hsu and S. Sastry",
         TITLE    ="Adaptive Control of Mechanical Manipulators",
         JOURNAL  = IJRR,
         YEAR     ="1987",
         PAGES    ="16-28",
         MONTH =   "Summer",
         VOLUME  = "6",
             NUMBER  = "2",
         }

@INPROCEEDINGS{hsu&bodson&sastry&paden.icra87,
         AUTHOR   ="Ping Hsu and Marc Bodson and Shankar Sastry
                        and Bradley Paden ",
         TITLE    ="Adaptive Indentification and Control for
             Manipulators without Using Joint Accelerations",
         BOOKTITLE=RAC,
         YEAR     ="1987",
         PAGES    ="1210-1215",
         ADDRESS  ="Raleigh, NC, USA"}


@ARTICLE{horowitz&sadegh.ijrr90,
         AUTHOR   ="Nader Sadegh and Roberto Horowitz",
         TITLE    ="Stability and Robustness Analysis of a Class
                        of Adaptive Controllers for Robotic Manipulators",
             JOURNAL  = IJRR,
         YEAR     ="1990",
         PAGES    ="74-92",
         MONTH =   "June",
      VOLUME  = "9",
          NUMBER  = "3",
         }

@ARTICLE{middleton&goodwin,
      AUTHOR  = "R. H. Middleton and G. C. Goodwin",
      TITLE   = "Adaptive Computed Torque Control for Rigid Link Manipulators",
      JOURNAL = "Systems and Control Letters",
      YEAR    = "1988",
          MONTH   = "",
      VOLUME  = "10",
          NUMBER  = "9-16",
      PAGES   = ""
     }

@INPROCEEDINGS{amestegui&ortega&spong&ibarra,
      AUTHOR  = "M. Amestegui and R. Ortega and J.M. Ibarra",
      TITLE   = "Adaptive Linearizing-Decoupling Robot Control:
                     A Comparative Study of Different Parametrizations",
         BOOKTITLE="Proceedings of the 5'th Yale Workshop on
                        Applications of Adaptive System Theory",
         YEAR     ="1987",
             PAGES    ="219-224",
         ADDRESS  ="New Haven, Connecticut, USA"
         }



@INPROCEEDINGS{leahy.rac90,
      AUTHOR  = "M. B. {Leahy Jr.} and D. E. Bossert and P. V. Whalen ",
      TITLE   = "Robust Model-Based Control: An Experimental Case Study",
      BOOKTITLE = RAC,
      YEAR    = "1990",
          PAGES    ="1982-1987",
          ADDRESS  ="Cincinnati, Ohio, USA",
         MONTH =   "May"
         }
@INPROCEEDINGS{leahy.icra91,
      AUTHOR  = "M. B. {Leahy Jr.} and P. V. Whalen ",
      TITLE   = "Adaptive Model-Based Control: An Experimental Case Study",
      BOOKTITLE = RAC,
      YEAR    = "1991",
          PAGES    ="1666-1672",
          ADDRESS  ="Sacramento, CA, USA",
         MONTH =   "April"
         }


@ARTICLE{leahy.jrs90,
      AUTHOR  = "M. B. {Leahy Jr.} and P. V Whalen",
      TITLE   = "Enhancements to Manipulator Trajectory Tracking Accuracy",
      JOURNAL = JRS,
      YEAR    = "1990"
     }


@ARTICLE{leahy.ijrr90,
          AUTHOR   ="M. B. {Leahy Jr.}",
      TITLE   = "Compensation of Industrial Manipulator Dunamics
in the Presence of Variable Payloads",
      JOURNAL = IJRR,
      YEAR    = "1990",
          MONTH   = "August",
      VOLUME  = "9",
          NUMBER  = "4",
      PAGES   = "86-98"
     }



@INPROCEEDINGS{armstrong&khatib&burdick,
         AUTHOR   ="B. Armstrong and O. Khatib and J. Burdick",
         TITLE    ="The Explicit Dynamic Model and Inertial
                        Parameters of the PUMA 560 Arm.",
         BOOKTITLE=RAC,
         YEAR     ="1986",
         PAGES    ="510-518",
         ORGANIZATION="IEEE",
         ADDRESS     ="San Francisco, California, USA",
         MONTH =   "April"
          }
@INPROCEEDINGS{armstrong.rac90,
         AUTHOR   ="Brian {Armstrong-Helouvry}",
         TITLE    ="Stick-Slip Arising from Stribeck Friction",
         BOOKTITLE=RAC,
         YEAR     ="1990",
             PAGES    ="1377-1382",
         ADDRESS  ="Cincinnati, Ohio, USA"
         }

@INPROCEEDINGS{dewit.rac90,
         AUTHOR   ="{C. Canudas de Wit} and V. Seront",
         TITLE    ="Robust Adaptive Friction Compensation",
         BOOKTITLE=RAC,
         YEAR     ="1990",
             PAGES    ="1383-1388",
         ADDRESS  ="Cincinnati, Ohio, USA"
         }


@INPROCEEDINGS{burdick.rac86,
         AUTHOR   ="J. Burdick",
         TITLE    ="An Algorithm for Generation of Efficient
                        Manipulator Dynamic Equations",
         BOOKTITLE=RAC,
         YEAR     ="1986",
         PAGES    ="212-218",
         ORGANIZATION="IEEE",
         ADDRESS     ="San Francisco, California, USA",
         MONTH =   "April"
          }



@INPROCEEDINGS{leahy&johnson.rac90,
      AUTHOR  = "M. A. Johnson and M. B. {Leahy Jr.}",
      TITLE   = "Adaptive Model-Based Neural Network Control",
      BOOKTITLE = RAC,
      YEAR    = "1990",
          PAGES    ="1704-1709",
          ADDRESS  ="Cincinnati, Ohio, USA",
         MONTH =   "May"
         }

@INPROCEEDINGS{astrom.rac90,
      AUTHOR  = "Steve {De Weerth} and Lars Nielsen and Carver
                     Mead and Karl Astrom",
      TITLE   = "A Neuron-Based Pulse Servo for Motion Control",
      BOOKTITLE = RAC,
      YEAR    = "1990",
          PAGES    ="1698-1703",
          ADDRESS  ="Cincinnati, Ohio, USA",
         MONTH =   "May"
         }

@ARTICLE{astrom.friction,
      AUTHOR   ="C. Canudas and Karl Astrom and K. Braun",
      TITLE    ="Adaptive Friciton Compensation in DC Motor Drives",
      JOURNAL = TRA,
      YEAR    = "1987",
          MONTH   = "December",
      VOLUME  = "RA-3",
          NUMBER  = "6",
      PAGES   = "681-685"
     }

@INPROCEEDINGS{arimoto.rac90,
      AUTHOR  = "Suguru Arimoto",
      TITLE   = "Robustness of Learning Control for Robot Manipulators",
      BOOKTITLE = RAC,
      YEAR    = "1990",
          PAGES    ="1528-1533",
          ADDRESS  ="Cincinnati, Ohio, USA",
         MONTH =   "May"
         }


@INPROCEEDINGS{horowitz.rac90,
      AUTHOR  = "W. Messner and W. Kao and R. Horowitz and M. Boals",
      TITLE   = "A New Adaptive Learning Rule",
      BOOKTITLE = RAC,
      YEAR    = "1990",
          PAGES    ="1522-1527",
          ADDRESS  ="Cincinnati, Ohio, USA",
         MONTH =   "May"
         }

@INPROCEEDINGS{leahy.con.icra86,
         AUTHOR   ="M. B. {Leahy, Jr.}
                        and K. P. Valavanis and G. N. Saridis ",
         TITLE    ="The Effect of Model Dynamics on Robot Control",
         BOOKTITLE=RAC,
         YEAR     ="1986",
             PAGES    ="49-54",
         ADDRESS  ="San Francisco, CA, USA"
         }

@INPROCEEDINGS{leahy.dyn.icra86,
         AUTHOR   ="M. B. {Leahy, Jr.} and L. M. Nugent
                        and K. P. Valavanis and G. N. Saridis ",
         TITLE    ="Efficient Dynamics for a PUMA-600",
         BOOKTITLE=RAC,
         YEAR     ="1986",
             PAGES    ="519-524",
         ADDRESS  ="San Francisco, CA, USA"
         }

@INPROCEEDINGS{leahy.icra85,
         AUTHOR   ="K. P. Valavanis
                        and M. B. {Leahy, Jr.} and G. N. Saridis ",
         TITLE    ="Real-Time Evaluation of Robotic Control Methods",
         BOOKTITLE=RAC,
         YEAR     ="1985",
             PAGES    ="644-649",
         ADDRESS  ="St. Louis, MO, USA"
         }


@INPROCEEDINGS{al.rock.video.rac91,
         AUTHOR   ="Alfred A. Rizzi and Daniel E. Koditschek",
         TITLE    ="Preliminary Experiments in Robot Juggling",
         BOOKTITLE= "IEEE International Conference on
                         Robotics and Automation Video Proceedings",
         YEAR     ="1991",
             ADDRESS = "Sacramento, CA, USA"
         }

@ARTICLE{sanderson,
      AUTHOR  = "L. S. {Homem de Mello} and A. C. Sanderson",
      TITLE   = "A Correct and Complete Algorithm for the
                     Generation of Mechanical Assembly Sequences",
      JOURNAL = TRA,
      YEAR    = "1991",
          MONTH   = "April",
      VOLUME  = "7",
          NUMBER  = "2",
      PAGES   = "228-240"
     }

@ARTICLE{mayeda.base.parameters,
      AUTHOR  = "H. Mayeda and K. Yoshida and K. Oshun",
      TITLE   = "Base Parameters of Manipulator Dynamic Models",
      JOURNAL = TRA,
      YEAR    = "1990",
          MONTH   = "June",
      VOLUME  = "6",
          NUMBER  = "3",
      PAGES   = "312-321"
     }

@ARTICLE{gautier.base.parameters,
      AUTHOR  = "M. Gautier and W. Khalil",
      TITLE   = "Direct Calculation of Minimum Set of Inertial
Parameters of Serial Robots",
      JOURNAL = TRA,
      YEAR    = "1990",
          MONTH   = "June",
      VOLUME  = "6",
          NUMBER  = "3",
      PAGES   = "368-373"
     }

@ARTICLE{slotine.performance,
      AUTHOR  = "G\protect{\"{u}}nter Niemeyer and Jean-Jacques E. Slotine",
      TITLE   = "Performance in Adaptive Manipulator Control",
      JOURNAL = IJRR,
      YEAR    = "1991",
          MONTH   = "April",
      VOLUME  = "10",
          NUMBER  = "2",
      PAGES   = "149-161"
     }


@ARTICLE{dewit.friction,
      AUTHOR  = "C. {Canuadas de Wit} and P. No\protect{\"{e}}l and
             A. Aubin and B. Brogliato",
      TITLE   = "Adaptive Friction Compensation for Robot
                     Manipulators: Low Velocities",
      JOURNAL = IJRR,
      YEAR    = "1991",
          MONTH   = "June",
      VOLUME  = "10",
          NUMBER  = "3",
      PAGES   = "189-199"
     }

@INPROCEEDINGS{dewit.observer,
      AUTHOR  = "C. {Canuadas de Wit} and N. Fixot",
      TITLE   = "Adaptive Control of Robot Manipulators via
            Velocity Estimated Feedback",
      BOOKTITLE=RAC,
      YEAR     ="1991",
      PAGES   = "16-21",
          ADDRESS = "Sacramento, CA, USA"
     }


@ARTICLE{tarn.friction,
      AUTHOR  = "T.J. Tarn and A. Bejczy and X. Yun and Z. Li",
      TITLE   = "Effect of Motor Dynamics on Nonlinear
            Feedback Robot Arm Control",
      JOURNAL = TRA,
      YEAR    = "1991",
          MONTH   = "February",
      VOLUME  = "7",
          NUMBER  = "1",
      PAGES   = "114-122"
     }


@INPROCEEDINGS{rimon.icra91,
      AUTHOR  = "Elon Rimon",
      TITLE   = "A Navigation Function for a Simple Rigid Body",
      BOOKTITLE=RAC,
      YEAR     ="1991",
      PAGES   = "546-551",
          ADDRESS = "Sacramento, CA, USA"
     }

@INPROCEEDINGS{donald.icra91,
      AUTHOR  = "Bruce R. Donald and Patrick G. Xavier",
      TITLE   = "Time-Safety Trade-offs and a Bang-Bang Algorithm
             for Kinodynamic Planning",
      BOOKTITLE=RAC,
      YEAR     ="1991",
      PAGES   = "552-557",
          ADDRESS = "Sacramento, CA, USA"
     }

@INPROCEEDINGS{wen.icra91,
      AUTHOR  = "Steve H. Murphy and John T. Wen",
      TITLE   = "Dynamic Modeling of Geared and Flexibly Jointed
            Manipulators",
      BOOKTITLE=RAC,
      YEAR     ="1991",
      PAGES   = "1765-1770",
          ADDRESS = "Sacramento, CA, USA"
     }


@INPROCEEDINGS{wen.iros91,
      AUTHOR  = "Leonardo Lanari and John T. Wen",
      TITLE   = "A Family of Asymptotically Stable tracking
Control Laws for Flexible Robots",
      BOOKTITLE=IROS,
      YEAR     ="1991",
      PAGES   = "973-977",
          ADDRESS = "Osaka, Japan"
     }



@ARTICLE{cannon.flex,
      AUTHOR  = "R. H. Cannon and E. Schmitz",
      TITLE   = "Initial Experiments on the End-Point Control of a
Flexible One-Link Robot",
      JOURNAL = IJRR,
      YEAR    = "1984",
      VOLUME  = "3",
          NUMBER  = "3",
      PAGES   = "62-75"
     }

@ARTICLE{whitney.flex,
      AUTHOR  = "W. J. Book and O. {Maizza-Neto} and D. E. Whitney",
      TITLE   = "Feedback Control of Two Beam, Two Joint Systems
                     with Distributed Flexability",
      JOURNAL = JDYN,
      YEAR    = "1975",
      VOLUME  = "97",
      PAGES   = "424-431"
     }

@INPROCEEDINGS{taylor.icra92,
         AUTHOR   ="Camillo J. Taylor and David J. Kriegman",
         TITLE    ="Structure and Motion from Line Segments in
                        Multiple Images: A Least Squares Approach",
         BOOKTITLE=RAC,
         YEAR     ="1992",
        ADDRESS="Nice, France",
        NOTE="(To Appear)"
         }

@TECHREPORT{bogan.thesis,
         AUTHOR     ="Christopher C. Bogan",
         TITLE      ="The Control and Development of a One Degree
of Freedom Juggling Robot",
         INSTITUTION="Massachusetts Institute of Technology",
         YEAR       ="1990",
         TYPE       ="Thesis Project",
         ADDRESS    ="Cambridge, MA"
         }

@InProceedings{TaKrAn91,
  author =  "C.J. Taylor and D.J. Kriegman and P. Anandan",
  title =   "Structure and Motion in Two Dimensions from Multiple
         Images: {A} Least Squares Approach ",
  booktitle =   "IEEE Workshop on Visual Motion",
  year =    1991,
  month =   Oct,
  pages=        "242--248"}

@InProceedings{KrTa91,
  author =  "D.J. Kriegman and C.J. Taylor",
  title =   "Mobile Robot Map Making from Vision and Motion",
  booktitle =   "Allerton Conf. on Communications, Control and Computing",
  year =    1991,
  month =   Oct}

@ARTICLE{kahn,
      AUTHOR  = "M. E. Kahn and B. Roth",
      TITLE   = "The Near Minimum-Time Control Of Open-Loop
                     Articulated Kinematic Chains",
      JOURNAL = JDYN,
      YEAR    = "1971",
      VOLUME  = "93",
      PAGES   = "164-172"
     }

@ARTICLE{arimoto.adapt,
      AUTHOR  = "M. Takegaki and S. Arimoto",
      TITLE   = "An Adaptive Trajectory Control of Manipulators",
      JOURNAL = IJC,
      YEAR    = "1981",
      VOLUME  = "102",
      PAGES   = "201-217"
     }

@ARTICLE{dubowski.adapt,
      AUTHOR  = "S. Dubowski and D. T. DesForges",
      TITLE   = "The Application of Model Reference Adaptive
Control to Robotic Manipulators",
      JOURNAL = JDYN,
      YEAR    = "1979",
      VOLUME  = "101",
      NUMBER  = "",
      PAGES   = "193-200"
     }

@ARTICLE{horowitz.linear,
      AUTHOR  = "R. Horowitz and M. Tomizuka",
      TITLE   = "An Adaptive Control Scheme for Mechanical
Manipulators - Compensation of Nonlinearity and Decoupling Control",
      JOURNAL = JDYN,
      YEAR    = "1986",
      VOLUME  = "108",
      PAGES   = "127-135"
     }

@inproceedings{horowitz.linear.orig,
      AUTHOR  = "R. Horowitz and M. Tomizuka",
      TITLE   = "An Adaptive Control Scheme for Mechanical
Manipulators - Compensation of Nonlinearity and Decoupling Control",
    booktitle = "ASME Winter Annual Meeting",
      MONTH = "November",
      YEAR    = "1980"
     }

@inproceedings{horowitz.icra87.theory,
      AUTHOR  = "N. Sadegh and R. Horowitz",
      TITLE   = "Stability Analysis of an Adaptive Controller for
            Robotic Manipulators",
      BOOKTITLE=RAC,
      YEAR     ="1986",
      PAGES   = "12223-1229",
          ADDRESS = "San Francisco, CA, USA"
     }

@inproceedings{horowitz.icra87.experiment,
      AUTHOR  = "R. Horowitz and M. Tsai and G. Anwar and M. Tomizuka",
      TITLE   = "Model Reference Adaptive Control of a Two Axis
            Direct Drive arm",
      BOOKTITLE=RAC,
      YEAR     ="1986",
      PAGES   = "1216-1222",
          ADDRESS = "San Francisco, CA, USA"
     }

@INPROCEEDINGS{hsia.survey,
      AUTHOR  = "T. C. Hsia",
      TITLE   = "Adaptive Control of Robot Manipulators - A Survey",
      BOOKTITLE=RAC,
      YEAR     ="1986",
      PAGES   = "183-189",
          ADDRESS = "San Francisco, CA, USA"
     }

@inproceedings{landau,
      AUTHOR  = "I. D. Landau",
      TITLE   = "Adaptive Control Techniques for Robot
            Manipulators - The Status of the Art",
      BOOKTITLE="Proceedings of the IFAC Symposium on Robotic Control",
      YEAR     ="1985",
      PAGES   = "??",
          ADDRESS = "Barcelona, Spain"
     }

@INPROCEEDINGS{khosla&kanade, 
author={Pradeep K. Khosla and Takeo Kanade}, 
booktitle=CDC, 
title={Parameter identification of robot dynamics}, 
year=1985, 
month={dec. }, 
volume=24, 
pages={1754 -1760}, 
doi={10.1109/CDC.1985.268838}}



@InProceedings{atkeson.yale90,
 author="C. G. Atkeson",
 title =    "Memory-Based Approaches to Approximating Continuous
         Functions",
 BOOKTITLE="Proceedings of the 6'th Yale Workshop on
                        Adaptive and Learning Systems",
 YEAR     ="1990",
 PAGES    ="212-217",
 organization = "Yale University",
 ADDRESS  ="New Haven, Connecticut, USA"
 }


@TechReport{paul.tech,
  author =  "Richard P. Paul",
  title =   "Modeling, Trajectory Calculation and Servoing of a
         Computer Controlled Arm",
  institution =     "Stanford Artificial Intelligence Laboratory,
         Stanford University",
  year =    "1972",
  number =  "AIM 177"
}







@InProceedings{tomizuka.icra88,
  author =  "Ming-Chang Tsai and George Anwar and Masayoshi Tomizuka",
  title =   "Discrete Time Repetitive Control for Robot Motion",
  booktitle =   RAC,
  year =    "1988",
  OPTpages =    "1341-1346",
  OPTaddress =  "Philadelphia, PA, USA"
}

@InProceedings{bejczy.icra91,
  author =  "S. Ganguly and T. J. Tarn and A. K. Bejczy",
  title =   "Control of Robots with Discrete Nonlinear Model:
         Theory and Experimentation",
  booktitle =   RAC,
  year =    "1991",
  OPTpages =    "528-533",
  OPTaddress =  "Sacramwnto, CA, USA"
}

@InProceedings{horowitz.icra89,
  author =  "Alexander Morando and Roberto Horowitz and Nader Sadegh",
  title =   "Digital Implementation of Adaptive Control Algorithms
         for Robot manipulators",
  booktitle =   RAC,
  year =    1989,
  OPTpages =    "1656-1662",
  OPTaddress =  "Scottsdale, AZ, USA"
}

@Article{middleton.tra90,
  author =  "R. H. Millleton",
  title =   "Adaptive Control for Robot manipulators Using
         Discrete Time Identification",
  journal =     TRA,
  year =    "1990",
  OPTvolume =   "35",
  OPTnumber =   "5",
  OPTpages =    "633-637",
  OPTmonth =    "May"
}

@Article{ioannou,
  author =  "John S. Reed and Petros A. Ioannou",
  title =   "Instability Analysis and Robust Adaptive Control of
         Robotic Manipulators",
  journal =     TRA,
  year =    "1989",
  OPTvolume =   "5",
  OPTnumber =   "3",
  OPTpages =    "381-386",
  OPTmonth =    "June"
}

@InProceedings{cremer.icra89,
  author =  "James F. Cremer and A. James Stewart",
  title =   "The Architecture of Newton, a General-Purpose
         Dynamics Simulator",
  booktitle =   RAC,
  year =    1989,
  OPTpages =    "1806-1811"
}

@InProceedings{toogood.icra89,
  author =  "R. W. Toogood",
  title =   "Efficient Robot Inverse and Direct Dynamics
         Algorithms Using Micro-Computer Based Symbolic Generation",
  booktitle =   RAC,
  year =    "1989",
  OPTpages =    "1827-1832"
}



@InProceedings{timcenko,
  author =  "A. Tim\v{c}enko and N. Kir\'{c}anski",
  title =   "A Two-Step Algorithm for Generating Efficient
         Manipulator Models in Symbolic Form",
  booktitle =   RAC,
  year =    "1991",
  OPTpages =    "1887-1892"
}

@Article{faessler.ijrr86,
  author =  "H. Faessler",
  title =   "Computer Assisted Generation of Dynamics Equations
         for Multibody Systems",
  journal =     IJRR,
  year =    "1986",
  OPTvolume =   "5",
  OPTnumber =   "3",
  OPTpages =    "129-141"
}

@InProceedings{paul.symbolic,
  author =  "Izaguirre and R. P. Paul",
  title =   "Automatic Generatio of the Dynamics Equations of
         Robot Manipulators using a LISP Program",
  booktitle =   RAC,
  year =    "1986",
  OPTpages =    "220-226"
}



@TechReport{hummingbird,
  author =  "L. C. Zai and L. F. Durfee and D. G. Manzer and J. P.
         Karidis and M. P. Mastro and L.  W. Landerman",
  title =   "Control of the Hummingbird Minipositioner with a
         Multi-Transputer MARC Controller",
  institution =     "IBM T. J. Watson Research Center",
  year =    "1991",
  OPTaddress =  "Yorktown Heights,  NY 10598"
}



@MastersThesis{topper,
  author =  "Anthony Topper",
  title =   "A Computing Architecture for a Multiple Robot Controller",
  school =  "McGill University",
  year =    "1991",
  OPTmonth =    "June"}

@ARTICLE{sweet,
      AUTHOR  = "L. M. Sweet and M. C. Good",
      TITLE   = "Redefinition of the Robot Motion-Control Problem",
      JOURNAL = "IEEE Control Systems Magazine",
      YEAR    = "1985",
      VOLUME  = "5",
      NUMBER  = "3",
      PAGES   = "18-25",
      MONTH   = "Aug"
     }



@article{slotine&li.composite,
    AUTHOR  = "Jean-Jacques E. Slotine and Weiping Li",
    TITLE   = "Composite Adaptive Control of Robot Manipulators",
    JOURNAL = "Automatica",
    VOLUME  = "25",
        NUMBER  = "4",
    YEAR    = "1989",
    MONTH   = "July"
    }



@article{dubowsky.tra93,
    AUTHOR  = "S. Dubowsky and E. Papadopoulos",
    TITLE   = "The Kinematics, Dynamics, and Control of Free-Flying
                   and Free-Floating Space Robotic Systems",
    JOURNAL = TRA,
    YEAR    = "1993",
        MONTH   = "October",
    VOLUME  = "9",
        NUMBER  = "5",
    PAGES   = "531-543"
    }


@article{williams.bass,
    AUTHOR  = "D. A. Trivett and E. A. Terray and A. J. {Williams III}",
    TITLE   = "Error analysis of an acoustic current meter",
    JOURNAL = "IEEE Journal of Oceanic Engineering",
    YEAR    = "1991",
        MONTH   = "October",
    VOLUME  = "16",
        NUMBER  = "4",
    PAGES   = "329-37"
    }


@article{furuta&komiya.tac82,
    AUTHOR  = "K. Furuta and K. Komia",
    TITLE   = "Design of a Model Following Servo Controller",
    JOURNAL = "IEEE Transactions on Automatic Control",
    YEAR    = 1982,
    VOLUME  = 27,
        NUMBER  = 3,
    PAGES   = "725-727"
    }


@article{furuta.robot89,
    AUTHOR  = "K. Kosuge and K. Furuta",
    TITLE   = "Robot control based on virtual internal model",
    JOURNAL = "Robot",
    YEAR    = "1989",
        MONTH   = "March",
        NUMBER  = "67",
    PAGES   = "80-85"
    }

@article{furuta.sice88,
    AUTHOR  = "K. Kosuge and K. Furuta and T. Yokoyama",
    TITLE   = "Virtual internal model following control system-application to mechanical impedance control",
    JOURNAL = "Transactions of the Society of Instrument and Control Engineers",
    YEAR    = "1988",
    MONTH = "January",
    VOLUME  = "24",
        NUMBER  = "1",
    PAGES   = "55-62"
    }

@article{furuta.sice92,
    AUTHOR  = "J. Ishikawa and K. Kosuge and K. Furuta",
    TITLE   = "Robot control based on virtual internal model with vision
                    and force sensors-an application to bolt-fastening
                   operations",
    JOURNAL = "Transactions of the Society of Instrument and Control Engineers",
    YEAR    = "1992",
        MONTH   = "May",
    VOLUME  = "28",
        NUMBER  = "5",
    PAGES   = "578-86"
    }

@inproceedings{sakakibara.fanuc.iecon.96,
    AUTHOR   ="S. Sakakibara",
    TITLE    ="A two-armed intelligent robot assembles mini robots
                automatically",
    BOOKTITLE="Proceedings of the 1996 IEEE IECON. 22nd International
                Conference on Industrial Electronics, Control, and
                Instrumentation",
    YEAR     ="1996",
        PAGES    ="1879-1883",
        MONTH   = "August",
    ADDRESS  ="Taipei, Taiwan"
    }

@inproceedings{dinsmoor.rj.93,
    AUTHOR   ="C. Dinsmoor and P. Hagemann",
    TITLE    ="FANUC Robotics system R-J controller",
    BOOKTITLE="Proceedings of International Robots and Vision Automation Conference",
    YEAR     ="1993",
    ADDRESS  ="Detroit, Michigan, USA",
        Month="April"
    }

@inproceedings{krotkov.icra92,
    AUTHOR   ="Eric Krotkov and R. Simmons",
    TITLE    ="Performance of a six-legged planetary rover: power,
|                positioning, and autonomous walking",
    BOOKTITLE=ICRA,
    YEAR     ="1992",
        PAGES    ="169-174",
    ADDRESS  ="Nice, France"
    }

@inproceedings{aml,
    AUTHOR   ="L. Nackman and M. Lavan and R. Taylor and W. Deitrich and D. Grossman",
    TITLE    ="AML/X: a programming language for design and manufacturing",
    BOOKTITLE="Proceedings of the Fall Joint Computer Conference",
    YEAR     ="1986",
        PAGES    ="145-159",
    ADDRESS  ="Dallas, Texas, USA"
    }


@incollection{brost.iser94,
    AUTHOR   ="R. Brost and A. Chirstiansen",
    TITLE    ="Empirical verification of fine-motion planning theories",
    BOOKTITLE="Experimental Robotics IV. 4th International Symposium",
    YEAR     ="1994",
        PAGES    ="477-485",
        PUBLISHER="Springer-Verlag",
        ADDRESS  ="Berlin, Germany",
        EDITOR   ="O. Khatib and J. K. Salisbury"
    }

@inproceedings{akella.icra97,
    AUTHOR   ="S. Akella and W. Huang and K. Lynch and M. Mason",
    TITLE    ="Sensorless parts orienting with a one-joint manipulator",
    BOOKTITLE=ICRA,
    YEAR     ="1997",
        PAGES    ="2383-2390",
    ADDRESS  ="Albuquerque, NM, USA",
        MONTH = "April"
    }

@inproceedings{tlp.handey,
    AUTHOR   ="T. Lozano-P\'{e}rez and J. Jones and E. Mazer and P. O'Donnell and W.E.L. Grimson",
    TITLE    ="Handey: a robot system that recognizes, plans, and
                   manipulates",
    BOOKTITLE=ICRA,
    YEAR     ="1987",
        PAGES    ="843-84",
    ADDRESS  ="Raleigh, NC, USA",
        MONTH= "March"
    }

@ARTICLE{lmt.ijrr84,
         AUTHOR="Tom\'{a}s Lozano-Perez and Matthew T. Mason and
            Russell H. Taylor",
         TITLE="Automatic Synthesis of Fine-Motion Strategies for Robots",
         JOURNAL="The International Journal of Robotics Research",
         YEAR="1984" ,
         VOLUME="3",
         NUMBER="1",
         PAGES="3-23"
        }



@inproceedings{lin&rimon&burdick.icra97,
    AUTHOR   ="Q. Lin  and E. Rimon and J. Burdick",
    TITLE    ="Computation and analysis of compliance in grasping and
                fixturing",
    BOOKTITLE=ICRA,
    YEAR     ="1997",
        PAGES    ="93-99",
    ADDRESS  ="Albuquerque, NM, USA",
        MONTH = "April"
    }


@INPROCEEDINGS{davies.mrcas97,
         AUTHOR   ="J. Troccaz and M. Peshkin and B. Davies",
         TITLE = "The Use of Localizers, Robots and Synergistic Devices in CAS",
         BOOKTITLE= "Proceedings of the First Joint Conference: CVRMed II \& MRCAS III",
         YEAR     ="1997",
             MONTH= "March",
             LOCATION="Grenoble, France",
             PUBLISHER="Springer-Verlag",
             ADDRESS="Berlin, Germany",
             EEDITOR="J. Troccaz and E. Grimson and R. Mosges"
         }

@article{judy.jems95,
    AUTHOR  = "J. W. Judy and R. S. Muller and H. H. Zappe",
    TITLE   = "Magnetic Microactuation of Polysilicon Flexure Structures",
    JOURNAL = JEMS,
    YEAR    = "1995",
        MONTH   = "December",
    VOLUME  = "4",
        NUMBER  = "4",
    PAGES   = "162-169"
    }

@article{nair&maddocks.ijrr94,
    AUTHOR  = "R. Nair and J. H. Maddocks",
    TITLE   = "On the Forward Kinematics of Parallel Manipulators",
    JOURNAL = IJRR,
    YEAR    = "1994",
        MONTH   = "April",
    VOLUME  = "13",
        NUMBER  = "2",
    PAGES   = "171-178"
    }
@article{luh&walker&paul.tran.aut.con.80,
    AUTHOR  = "J. Y. S. Luh and M. W. Walker and R. P. C. Paul",
    TITLE   = "Resolved Acceleration Control of Mechanical Manipulators",
    JOURNAL = "IEEE Transactions on Automatic Control",
    YEAR    = "1980",
    MONTH   = "",
    VOLUME  = "AC-25",
    NUMBER  = "",
    PAGES   = "468-474"
    }
@article{freund.ijrr.83,
    AUTHOR  = "E. Freund",
    TITLE   = "Fast Nonlinear Control with Arbitrary Pole Placement for Industrial Robots and Manipulators",
    JOURNAL = "The International Journal of Robotics Research",
    YEAR    = "1983",
    MONTH   = "",
    VOLUME  = "1",
    NUMBER  = "1",
    PAGES   = "65-78"
    }

@ARTICLE{freund:rr:82,
 AUTHOR  = "E. Freund",
 TITLE   = "Fast Nonlinear Control with Arbitrary Pole-Placement for
            Industrial Robots and Manipulators",
 JOURNAL = "The International Journal of Robotics Research",
 VOLUME  = "1",
 NUMBER  = 1,
 YEAR    = 1982
}

@article{koivo.automatica.1980,
    AUTHOR  = "H. N. Koivo",
    TITLE   = "A Multivariable Self-Tuning Controller",
    JOURNAL = "Automatica",
    YEAR    = "1980",
    MONTH   = "July",
    VOLUME  = "16",
    NUMBER  = "4",
    PAGES   = "351-66"
    }

@TECHREPORT{wen&bayard.robust,
         AUTHOR   ="John T. Wen and David S. Bayard",
         TITLE    ="Robust Control for Robotic Manipulators {Part I}: {Non-Adaptive} Case",
         INSTITUTION="Jet Propulsion Laboratory",
         YEAR     ="1987",
         NUMBER ="347-87-203",
         ADDRESS     ="Pasadena, CA"
         }

@TECHREPORT{wen&bayard.adapt,
	     AUTHOR   ="John T. Wen and David S. Bayard",
	     TITLE    ="Robust Control for Robotic Manipulators {Part II}: {Adaptive} Case",
	     INSTITUTION="Jet Propulsion Laboratory",
	     YEAR     ="1987",
	     NUMBER ="347-87-204",
	     ADDRESS     ="Pasadena, CA"
	     }


@inproceedings{slotine&li.icra87,
    AUTHOR   ="J.-J. Slotine and W. Li",
    TITLE    ="Adaptive manipulator control: A case study",
    BOOKTITLE=ICRA,
    YEAR     ="1987",
        PAGES    ="1392-1400",
    ADDRESS  ="Raleigh, NC"
    }


	  @INPROCEEDINGS{kod.yal87,
		       AUTHOR = "Daniel E. Koditschek",
		       TITLE = "Adaptive Techniques for Mechanical
Systems",
		       BOOKTITLE= "Fifth Yale Workshop on Applications
of Adaptive Systems Theory",
		       YEAR = "1987",
		       PAGES = "259-265",
		       ORGANIZATION="Center for Systems Science, Yale
University ",
		       PUBLISHER ="",
		       ADDRESS = "New Haven, CT",
		       MONTH = "May"
		       }

	  @INCOLLECTION{kod.yal85,
		       AUTHOR = "Daniel E. Koditschek",
		       TITLE = "Automatic Planning and Control of
Robot Natural
				     Motion Via Feedback",
		       BOOKTITLE = "Adaptive and Learning Systems:
Theory and Applications",
		       PUBLISHER = "Plenum",
		       YEAR = "1986",
		       EDITOR = "Kumpati S. Narendra",
		       Pages= "389-402"
		       }


