% This file was created with JabRef 2.5.
% Encoding: UTF-8

@STRING{CA = {Proceedings of the IEEE International Conference on Control Applications}}

@STRING{CDC = {IEEE Conference on Decision and Control}}

@STRING{COMP = {IEEE Computer}}

@STRING{CS = {IEEE Control Systems Magazine}}

@STRING{CST = {IEEE Transactions on Control Systems Technology}}

@STRING{ICRA = {Proceedings of the IEEE International Conference on Robotics and
	Automation}}

@STRING{ICRASHORT = {Proc. IEEE Int. Conf. Robt. Aut.}}

@STRING{IJC = {The International Journal of Control}}

@STRING{IJRR = {The International Journal of Robotics Research}}

@STRING{JDYN = {ASME Journal of Dynamic Systems, Measurement, and Control}}

@STRING{JMECH = {ASME Journal of Applied Mechanics}}

@STRING{OE = {IEEE Journal of Oceanic Engineering}}

@STRING{RA = {IEEE Journal of Robotics and Automation}}

@STRING{RAC = {Proceedings of the IEEE International Conference on Robotics and
	Automation}}

@STRING{RACSHORT = {Proc. IEEE Int. Conf. Robt. Aut.}}

@STRING{SIAM = {SIAM Journal on Control and Optimization}}

@STRING{SMC = {IEEE Transactions on Systems, Man, and Cybernetics}}

@STRING{TRA = {IEEE Transactions on Robotics and Automation}}

@String{JOE="IEEE Journal of Oceanic Engineering"}

@INPROCEEDINGS{remus.auv94,
  author = {C. {von Alt} and B. Allen and R. Stokey },
  title = {Remote Environmental Measuring Units},
  booktitle = {Proceedings of the 1994 IEEE Symposium on Autonomous Underwater Vehicle
	Technology},
  year = {1994},
  pages = {13-19},
  address = {Cambridge},
  month = {July}
}

@INPROCEEDINGS{deeptow,
  author = {C. {de Moustier} and F. N. Spiess and D. Pantzartzis and R. Zimmerman
	and R. M. Lawhead and F. V. Pavlicek},
  title = {First results from a deep tow multibeam echo-sounder},
  booktitle = {Proceedings of IEEE/MTS Oceans'94},
  year = {1994},
  pages = {244-249},
  address = {Brest, France}
}

@ARTICLE{vanAmerongen,
  author = {J. {van Amerongen} and P.G.M. {van der Klugt} and H.R. {van Nauta
	Lemke}},
  title = {Rudder roll stabilization for ships},
  journal = {Automatica},
  year = {1990},
  volume = {26},
  pages = {679-690},
  number = {4},
  month = {July}
}

@TECHREPORT{adams,
  author = {John Adams and Dick Burton and Mike Lee},
  title = {Dynamic Characterization and Control of Thrusters for Underwater
	Vehicles},
  institution = {Monterey Bay Aquarium Research Institute and Stanford University
	Aerospace Robotics Laboratory},
  year = {1991},
  type = {Techreport},
  month = {September}
}

@INPROCEEDINGS{alessandri.ca98,
  author = {A. Alessandri and M. Caccia and G. Indiveri and G. Veruggio},
  title = {Application of {LS} and {EKF} Techniques to the Identification of
	Underwater Vehicles},
  booktitle = CA,
  year = {1998},
  pages = {1084-1088},
  address = {Trieste, Italy}
}

@INPROCEEDINGS{remus.oceans97,
  author = {B. Allen and R. Stokey and N. Forrester and R. Gouldsborough and
	M. Purcell and C. {von Alt}},
  title = {REMUS: a small, low cost {{AUV}}; system description, field trials
	and performance results},
  booktitle = {Proceedings of IEEE/MTS OCEANS'97},
  year = {1997},
  volume = {2},
  pages = {994-1000},
  month = {October},
  location = {Halifax, NS, Canada}
}

@INPROCEEDINGS{an.fuzzy97,
  author = {P. E. An and Antony J. Healey and J. Park and S. M. Smith},
  title = {Asynchronous data fusion for {AUV} navigation via heuristic fuzzy
	filtering techniques},
  booktitle = {Proceedings of IEEE Oceans'97},
  year = {1997},
  pages = {397-402},
  month = {October}
}

@ARTICLE{antonelli.joe2000,
  author = {G. Antonelli and F. Caccavale and S. Chiaverini and L. Villani },
  title = {Tracking Control for Underwater Vehicle-Manipulator Systems with
	Velocity Estimation},
  journal = JOE,
  year = {2000},
  volume = {25},
  pages = {399-413},
  number = {3},
  month = {July}
}

@ARTICLE{antonelli&sarkar.cst2001,
  author = {Gianluca Antonelli and Stefano Chiaverini and Nilanjan Sarkar and
	Michael West},
  title = {Adaptive Control of an Autonomous Underwater Vehicle: Experimental
	Results on {ODIN}},
  journal = CST,
  year = {2001},
  volume = {9},
  pages = {756-65},
  number = {5},
  month = {September}
}

@INPROCEEDINGS{antonelli.cira1999,
  author = {G. Antonelli and S. Chiaverini and N. Sarkar and M. West},
  title = {Adaptive control of an autonomous underwater vehicle: experimental
	results on {ODIN}},
  booktitle = {Proceedings of the 1999 IEEE International Symposium on Computational
	Intelligence in Robotics and Automation},
  year = {1999},
  pages = {64-69},
  address = {Monterey, CA}
}

@INPROCEEDINGS{kato.AUV96,
  author = {K. Asakawa and J. Kojima and Y. Ito and S. Takagi and Y. Shirasaki
	and N. Kato},
  title = {Autonomous underwater vehicle {Aqua Explorer} 1000 for inspection
	of underwater cables},
  booktitle = {Proceedings of the 1996 Symposium on Autonomous Underwater Vehicle
	Technology},
  year = {1996},
  pages = {10-17},
  address = {Menterey, CA, USA},
  month = {June},
  note = {IEEE Cat. No.96CH35900},
  location = {Monterey, CA, USA}
}

@PHDTHESIS{bachmayer.thesis,
  author = {Ralf Bachmayer},
  title = {Advances In Nonlinear Dynamical Modelling and Control of Marine Thrusters:
	Theory and Experiment},
  school = {The Johns Hopkins University},
  year = {2000},
  address = {Baltimore, MD, USA}
}

@ARTICLE{bachmayer.joe00,
  author = {Ralf Bachmayer and Louis L. Whitcomb and M.A. Grosenbaugh},
  title = {An Accurate Four-Quadrant Nonlinear Dynamical Model for Marine Thrusters:
	Theory and Experimental Validation},
  journal = OE,
  year = {2000},
  volume = {25},
  pages = {146-159},
  number = {1},
  month = {January}
}

@ARTICLE{ballard.ng.98,
  author = {R. D. Ballard},
  title = {High Tech Search for Roman Shipwrecks},
  journal = {National Geographic},
  year = {1998},
  volume = {193},
  pages = {32-42},
  number = {4},
  month = {April}
}

@ARTICLE{ballard.deepsea.99,
  author = {R. D. Ballard and A. M. McCann and D. R. Yoerger and L. L. Whitcomb
	and D. A. Mindell and J. Oleson and H. Singh and B. Foley and J.
	Adams and D. Picheota },
  title = {The Discovery of Ancient History in The Deep Sea Using Advanced Deep
	Submergence Technology},
  journal = {Deep Sea Research Part 1},
  year = {1999},
  note = {(Under Review)}
}

@ARTICLE{ballard.ashkelon.2002,
  author = {Robert D. Ballard and Lawrence E. Stager and Daniel Master and Dana
	Yoerger and David Mindell and Louis L. Whitcomb and Hanumant Singh
	and Dennis Piechota},
  title = {Iron Age Shipwrecks in Deep Water off Ashkelon, Israel},
  journal = {American Journal of Archaeology},
  year = {2002},
  volume = {106},
  number = {2},
  month = {March}
}

@INPROCEEDINGS{spindel.kalman,
  author = {B. M. Bell and B. M. Howe and J. A. Mercer and R. C. Spindel},
  title = {Nonlinear Kalman filtering of long-baseline, short-baseline, GPS,
	and depth measurements},
  booktitle = {Conference Record of the Twenty-Fifth Asilomar Conference on Signals,
	Systems and Computers},
  year = {1991},
  pages = {131-136},
  address = {Pacific Grove, CA, USA},
  month = {November}
}

@INPROCEEDINGS{odyssey.auv94,
  author = {J.G. Bellingham and C.A. Goudey and T.R. Consi and J.W. Bales and
	D.K. Atwood and J.J. Leonard and C. Chryssostomidis},
  title = {A second generation survey {AUV}},
  booktitle = {Proceedings of the 1994 IEEE Symposium on Autonomous Underwater Vehicle
	Technology},
  year = {1994},
  pages = {148-155},
  address = {Cambridge, MA}
}

@TECHREPORT{bellingham.altex.98,
  author = {J. G. Bellingham},
  title = {Arctic ocean hydrography using autonomous underwater vehicles},
  institution = {MIT Sea Grant {AUV} Laboratory},
  year = {1998},
  type = {Technical Report},
  note = {http://auvserv.mit.edu/Miscellaneous/altex98.htm}
}

@ARTICLE{bellingham.ice.94,
  author = {J. G. Bellingham and M. Deffenbaugh and J. J. Leonard and J. Catipovic
	and H. Schmidt},
  title = {Arctic under-ice survey operations},
  journal = {Unmanned Systems},
  year = {1994},
  volume = {12},
  pages = {24-9},
  number = {1},
  month = {Winter}
}

@INPROCEEDINGS{bellingham,
  author = {J. G. Bellingham and D. Humphrey},
  title = {Using layered control for supervisory control of underwater vehicles},
  booktitle = {Intervention/ROV '90},
  year = {1990},
  pages = {175-181},
  month = {June},
  location = {Vancouver, BC, Canada}
}

@ARTICLE{berghuis.passive.tra93,
  author = {H. Berghuis and H. Nijmeijer},
  title = {A Passivity Approach to Controller-Observer Design for Robots},
  journal = TRA,
  year = {1993},
  volume = {9},
  pages = {740-754},
  number = {6},
  month = {December}
}

@ARTICLE{berghuis.robust.tra93,
  author = {H. Berghuis and R. Ortega and H. Nijmeijer},
  title = {A robust adaptive robot controller},
  journal = TRA,
  year = {1993},
  volume = {9},
  pages = {825-830},
  number = {6},
  month = {December}
}

@ARTICLE{bowen,
  author = {P. S. Bowen and S. G. Chappell and R. Gonzalez},
  title = {Using common LISP in the EAVE autonomous underwater vehicle},
  journal = {IEEE Journal of Oceanic Engineering},
  year = {19},
  volume = {15},
  pages = {221-227},
  number = {5},
  month = {July}
}

@INPROCEEDINGS{abe.auvs93,
  author = {A. M. Bradley and D. R. Yoerger},
  title = {Design and Testing of the Autonomous Benthic Explorer},
  booktitle = {Proceedings of {AUVS} '93},
  year = {1993}
}

@INPROCEEDINGS{brokloff.oceans97,
  author = {N.A. Brokloff},
  title = {Dead reckoning with an {ADCP} and current extrapolation},
  booktitle = {Proceedings of IEEE/MTS OCEANS'97},
  year = {1997},
  volume = {2},
  pages = {994-1000},
  month = {October},
  location = {Halifax, NS, Canada}
}

@INPROCEEDINGS{brokloff.oceans94,
  author = {N.A. Brokloff},
  title = {Matrix algorithm for Doppler sonar navigation},
  booktitle = {Proceedings of IEEE/MTS OCEANS'94},
  year = {1994},
  volume = {2},
  pages = {378-83},
  month = {September},
  location = {Brest, France}
}

@INCOLLECTION{Healey.phoenix,
  author = {D. Brutzman and A. J. Healey and D. B. Marco and R. B. McGhee},
  title = {The Phoenix Autonomous Underwater Vehicle},
  booktitle = {AI Based Mobile Robots},
  publisher = {MIT/AAAI Press},
  editor = {Kortenkamp, Bonasso, and Murphy},
  address = {Cambridge, MA}
}

@INPROCEEDINGS{caccia.icra2000,
  author = {M. Caccia and G. Bruzzone and G. Veruggio},
  title = {Guidance of Unmanned Underwater Vehicles: Experimental Results},
  booktitle = ICRA,
  year = {2000},
  pages = {1799-1804},
  address = {San Francisco, CA}
}

@ARTICLE{caccia.joe2000,
  author = {Massimo Caccia and Giovanni Indiveri and Gianmarco Veruggio},
  title = {Modeling and Identification of Open-Frame Variable Configuration
	Underwater Vehicles},
  journal ={IEEE Journal of Oceanic Engineering},
  year = {2000},
  volume = {25},
  pages = {227-240},
  number = {2},
  month = {April}
}

@INPROCEEDINGS{yuh&choi.ODIN.oceans1993,
  author = {S.K. Choi and J. Yuh and N. Keevil},
  title = {Design of Omni-Directional Uncerwater Robotic Vehicle},
  booktitle = {Proceedings of IEEE OCEANS 1993},
  year = {1993},
  pages = {1192-1197},
  address = {Victoria, BC, Canada}
}

@INPROCEEDINGS{yuh.icra96,
  author = {S. K. Choi and J. Yuh},
  title = {Experimental Study on a Learning Control System with Bound Estimation
	for Underwater Robots},
  booktitle = ICRA,
  year = {1996},
  pages = {2160-2165},
  month = {April},
  location = {Mineapolis, MN}
}

@ARTICLE{yuh.odin.95,
  author = {S. K. Choi and J. Yuh and G. Y. Takashige},
  title = {Development of the Omni-Directional Intelligent Navigator},
  journal = {IEEE Robotics and Automation Magazine},
  year = {1995},
  volume = {2},
  pages = {44-53},
  number = {1},
  month = {March}
}

@INPROCEEDINGS{christensen,
  author = {James L. Christensen},
  title = {{LBL NAV - [Long Base Line Navigation]} - An Acoustic Transponder
	Navigation System},
  booktitle = {Proceedings of IEEE Oceans'79},
  year = {1979},
  pages = {507-512},
  address = {San Diego},
  month = {September}
}

@ARTICLE{autosub,
  author = {P. G. Collar and S. D. McPhail},
  title = {{AUTOSUB}: an autonomous unmanned submersible for ocean data collection},
  journal = {Electronics \& Communication Engineering Journal},
  year = {1995},
  volume = {7},
  pages = {105-114},
  number = {3},
  month = {June}
}

@PHDTHESIS{coney.thesis,
  author = {William B. Coney},
  title = {A Method for the Design of a Class of Optimum Marine Propulsors},
  school = {Massachusetts Institute of Technology},
  year = {1989},
  optmonth = {September}
}

@ARTICLE{cristi,
  author = {Roberto Cristi and Fotis A. Papoulis and Anthony J. Healey},
  title = {Adaptive Sliding Mode Control of Autonomous Underwater Vehicles in
	the Dive Plane},
  journal = OE,
  year = {1990},
  volume = {15},
  pages = {152-160},
  number = {3},
  month = {July}
}

@ARTICLE{paulo.et.al.JOE.95,
  author = {Jose Paolo V. S. da Cunha and Ramon R. Costa and Liu Hsu},
  title = {Design of a High Performance Variable Structure Position Control
	of {ROV's}},
  journal = OE,
  year = {1995},
  volume = {20},
  pages = {42-55},
  number = {1},
  month = {January}
}

@ARTICLE{davidson&schiff,
  author = {K. S. M. Davidson and L. I. Schiff},
  title = {Turning and Course Keeping Qualities},
  journal = {Transactions of the Society of Naval Architects and Marine Engineers},
  year = {1946},
  volume = {54}
}

@INPROCEEDINGS{davis,
  author = {D. Davis},
  title = {Control of the MBARI ROV cameras and tools over a network},
  booktitle = {In Proceedings of the IARP 1'st Workshop on Mobile Robots for Subsea
	Environments},
  year = {1990},
  address = {Monterey, CA, USA}
}

@INPROCEEDINGS{deniellou.oceans98,
  author = {L. Deniellou and Y. Gallou and P. Gourmelen and N. Seube},
  title = {Force control of underwater thrusters with application to AUV motion
	control},
  booktitle = {Proceedings of IEEE Oceans'98},
  year = {1998},
  pages = {1054-1058},
  address = {Nice}
}

@INPROCEEDINGS{dimassa.oceans97,
  author = {Diane E. Dimassa and W. K. Stewart},
  title = {Terrain-relative navigation for autonomous underwater vehicles},
  booktitle = {Proceedings of IEEE Oceans'97},
  year = {1997},
  pages = {541-546},
  address = {Halifax}
}

@INPROCEEDINGS{nahon,
  author = {F. Driscoll and M. Nahon and R. Lueck},
  title = {Experimental measurement of the coupled motions of a ship and a deep
	sea remotely operated vehicle system},
  booktitle = {Proceedings of IEEE/MTS Oceans'96},
  year = {1996},
  pages = {1497-1499},
  address = {Fort Lauderdale, FL}
}

@INPROCEEDINGS{marius.auv94,
  author = {P. Egeskov and A. Bjerrum and A. Pascoal and C. Silvestre and C.
	Aage and L. Smitt},
  title = {Design, construction and hydrodynamic testing of the {AUV} {MARIUS}},
  booktitle = {Proceedings of the 1994 IEEE Symposium on Autonomous Underwater Vehicle
	Technology},
  year = {1994},
  pages = {199-207},
  address = {Cambridge}
}

@INPROCEEDINGS{cherif.ifac97,
  author = {S. Eiani-Cherif and G. Lebret and M. Perrier},
  title = {Identification and Control of a Submarine Vehicle},
  booktitle = {Proceedings of the 5th IFAC Symposium on Robot Control},
  year = {1997},
  pages = {307-312},
  address = {Nantes, France}
}

@ARTICLE{alvin.turtle.seacliff.mmt77,
  author = {N. Estabrook and H. Wheeler and D. Uhler and D. Hackman},
  title = {Development of deep-ocean work system},
  journal = {Mechanism and Machine Theory},
  year = {1977},
  volume = {12},
  pages = {569-76},
  number = {5}
}

@INPROCEEDINGS{faller.aiaa96,
  author = {William E. Faller},
  title = {Six Degree-of Freedom Maneuvering Simulation of an Experimental Model
	Undergoing Severe Maneuvers Using Recursive Neural Networks},
  booktitle = {Proceedings of the AIAA 14th Applied Aerodynanucs Conference},
  year = {1996},
  address = {New Orleans, LA},
  note = {AIAA Paper 96-2492}
}

@INPROCEEDINGS{faller.aiaa95,
  author = {William E. Faller and S. J. Schrek and M. W. Luttges},
  title = {Unsteady Fluid Mechanics Applications of Neural Networks},
  booktitle = {Proceedings of the AIAA 33rd Aerospace Sciences Meetnng and Exhibit},
  year = {1995},
  address = {Reno, NV},
  note = {AIAA Paper 95-0592}
}

@INPROCEEDINGS{faller.aiaa94,
  author = {William E. Faller and S. J. Schrek and M. W. Luttges},
  title = {Real-Time Prediction and Control of Three- Dimensional Unsteady Separated
	Flow Fields Usnng Neural Networks},
  booktitle = {Proceedings of the AIAA 32nd Aerospace Sciences Meetnng and Exhibit},
  year = {1994},
  address = {Reno, NV},
  note = {AIAA Paper 94-0532}
}

@INPROCEEDINGS{leonard.oceans98,
  author = {{H. J. S.} Feder and J. J. Leonard and C. M. Smith},
  title = {Adaptive sensing for terrain aided navigation},
  booktitle = {Proceedings of IEEE Oceans'98},
  year = {1998},
  pages = {336-341},
  address = {Nice}
}

@TECHREPORT{feldman.techreport,
  author = {Jerome P. Feldman},
  title = {{DTNSRDC} Revised Standard Submarine Equations of Motion},
  institution = {David Taylor Naval Ship Research and Development Center},
  year = {1979},
  type = {Technical Report},
  month = {June},
  note = {Defense Technical Information Center document \#A071804}
}

@INPROCEEDINGS{feldman.paper,
  author = {Jerome P. Feldman},
  title = {State-of-the-art for predicting the hydrodynamic characteristics
	of Submarines},
  booktitle = {Proceedings of the Symposium on Control Theory and Naval Applications},
  year = {1975},
  pages = {87-127},
  address = {Monterey, CA},
  month = {June},
  note = {Defense Technical Information Center document \#A071804}
}

@INPROCEEDINGS{fossen&sagatun.icra91,
  author = {Thor I. Fossen and Sverin I. Sagatun},
  title = {Adaptive Control of Nonlinear Underwater Robotic Systems},
  booktitle = ICRA,
  year = {1991},
  pages = {1687-94},
  address = {Sacramento, CA}
}

@ARTICLE{froude.friction,
  author = {William Froude},
  title = {Experiments on Surface Friction},
  journal = {British Association Reports},
  year = {1872},
  note = {Reprinted in \protect{\cite{pona.book}}, Volume 2, pages 7-15.}
}

@INPROCEEDINGS{fujii,
  author = {T. Fujii and T. Ura and Y. Kuroda and Y. Nose and H. Chiba},
  title = {Multi-sensor based {{AUV}} with distributed vehicle management architecture},
  booktitle = {Proceedings of the 1992 Symposium on Autonomous Underwater Vehicle
	Technology},
  year = {1992},
  location = {Washington, DC, USA}
}

@ARTICLE{fuller.mosaic,
  author = {M. Fuller and W. Faig},
  title = {Challenges to Automated Image Matching of Close Range Underwater
	Stereophotography},
  journal = {Geomatica},
  year = {1995},
  volume = {49},
  pages = {463-469},
  number = {????},
  month = {????}
}

@TECHREPORT{gertler&hagen,
  author = {Morton Gertler and Grant Hagen},
  title = {Standard Equations of Motion for Submarine Simulation},
  institution = {David Taylor Naval Ship Research and Development Center},
  year = {1967},
  type = {Technical Report},
  month = {June},
  note = {Defense Technical Information Center document \#653861 }
}

@INPROCEEDINGS{goheen&jeffreys.icra90,
  author = {K.R. Goheen and E.R. Jefferys},
  title = {The Application of Alternative Modelling Techniques to {ROV} Dynamics},
  booktitle = ICRA,
  year = {1990},
  pages = {1302-1309},
  month = {May},
  location = {Cincinati, OH}
}

@ARTICLE{goheen&jefferys.90,
  author = {Kevin G. Goheen and E. Richard Jefferys},
  title = {On the Adaptive Control of Remotely Operated Underwater Vehicles},
  journal = {International Journal of Adaptive Control and Signal Processing},
  year = {1990},
  volume = {4},
  pages = {287-97},
  number = {4},
  month = {July-August}
}

@ARTICLE{goheen,
  author = {Kevin R. Goheen and E. Richard Jeffereys},
  title = {Multivariable Self-Tuning Autopilots for Autonomous and Remotly Operate
	Underwater Vehicles},
  journal = OE,
  year = {1990},
  volume = {15},
  pages = {144-151},
  number = {3},
  month = {July}
}

@INPROCEEDINGS{goodman.SNH1960,
  author = {Alex Goodman},
  title = {Experimental Techniques and Methods of Analysis used in Submerged
	Body Research},
  booktitle = {Proceedings of the Third Symposium on Naval Hydrodynamics},
  year = {1960},
  pages = {379-449},
  address = {Washington, DC},
  publisher = {National Academy Press}
}

@ARTICLE{grosenbaugh.jfm89,
  author = {M. A. Grosenbaugh and R. W. Yeung},
  title = {Nonlinear free-surface flow at a two-dimensional bow},
  journal = {Journal of Fluid Mechanics},
  year = {1989},
  volume = {209},
  pages = {57-75},
  month = {December}
}

@INPROCEEDINGS{hugin,
  author = {Per Espen Hagen},
  title = {{AUV/UUV} mission planning and real time control with the {HUGIN}
	operator system},
  booktitle = {Proceedings of IEEE OCEANS' 2001},
  year = {2001},
  volume = {4},
  pages = {468-473},
  month = {November},
  location = {Honolulu}
}

@INPROCEEDINGS{westwood.study,
  author = {D. Harbinson and J. Westwood},
  title = {Deepwater Oil \& Gas - An Overview Of The World Market},
  booktitle = {Proceedings of the Deep Ocean Technology Conference},
  year = {1998},
  location = {New Orleans}
}

@ARTICLE{healey.linear,
  author = {Antony J. Healey},
  title = {Model-Based Maneuvering Controls for Autonomous Underwater Vehicles},
  journal = JDYN,
  year = {1992},
  volume = {114},
  pages = {614-622},
  number = {4},
  month = {December}
}

@INPROCEEDINGS{healey.heading.98,
  author = {Antony J. Healey and P. E. An and D. B. Marco},
  title = {Online compensation of heading sensor bias for low cost {AUV}s},
  booktitle = {Proceedings of the 1998 Workshop on Autonomous Underwater Vehicles},
  year = {1998},
  pages = {35-42},
  address = {Cambridge, MA},
  month = {August}
}

@ARTICLE{healey,
  author = {Antony J. Healey and M. R. Good},
  title = {The {NPS AUV II} autonomous underwater vehicle test-tube: design
	and experimental verification},
  journal = {Naval Engineers Journal},
  year = {1992},
  pages = {191-202},
  month = {May}
}

@ARTICLE{healey&lienard,
  author = {Antony J. Healey and David Lienard},
  title = {Multivariable Sliding Mode Control for Autonomous Diving and Steering
	of Unmanned Underwater Vehicles},
  journal = JOE,
  year = {1993},
  volume = {18},
  pages = {327-339},
  number = {3},
  month = {July}
}

@ARTICLE{healey.joe95, 
  author = {Antony J. Healey and S. M. Rock and S. Cody and D. Miles and J. P.
	Brown},
  title = {Toward an Improved Understanding of Thruster Dyamics for Underwater
	Vehicles},
  journal = JOE,
  year = {1995},
  volume = {20},
  pages = {354-61},
  number = {4},
  month = {October}
}

@INPROCEEDINGS{healey.thruster,
  author = {Antony J. Healey and S. M. Rock and S. Cody and D. Miles and J. P.
	Brown},
  title = {Toward an Improved Understanding of Thruster Dyamics for Underwater
	Vehicles},
  booktitle = {Proceedings of the 1994 Symposium on Autonomous Underwater Vehicle
	Technology},
  year = {1994},
  pages = {340-352},
  address = {Boston, MA, USA}
}

@BOOK{hersey.book,
  title = {Deep Sea Photography},
  publisher = {Johns Hopkins University Press},
  year = {1967},
  author = {John B. Hersey},
  address = {Baltimore}
}

@ARTICLE{hover.oe94,
  author = {F. S. Hover and M. A. Grosenbaugh and M. S. Triantafyllou},
  title = {Calculation of dynamic motions and tensions in towed underwater cables},
  journal = {IEEE Journal of Oceanic Engineering},
  year = {1994},
  volume = {19},
  pages = {449-57},
  number = {3},
  month = {July}
}

@ARTICLE{dsl.mosaic.seatech.99,
  author = {Jonathan Howland and Hanumant Singh and Marty Marra and Dan Potter},
  title = {Digital Photomosaicking of Underwater Imagery},
  journal = {Sea Technology},
  year = {1999},
  pages = {65-69},
  month = {June}
}

@ARTICLE{liu.et.al.rob.aut.magazine.2000,
  author = {Liu Hsu and Ramon R. Costa and Fernando Lizarralde and Jose Pauol
	Vilela Soares da Cunha},
  title = {Dynamic Positioning of Remotely Operated Underwater Vehicles},
  journal = {IEEE Robotics and Automation Magazine},
  year = {2000},
  volume = {7},
  pages = {21-31},
  number = {3},
  month = {September}
}

@INPROCEEDINGS{huijberts.nolcos98,
  author = {H.J.C. Huijberts and H. Nijmeijer A.J. {van der Schaft} and J.M.A.
	Scherpen},
  title = {Underactuated ship stabilization using integral control: experimental
	results with {CyberShip I}},
  booktitle = {Proceedings of Symposium on Nonlinear Control Systems},
  year = {1998},
  pages = {127-132},
  address = {Enschede, Netherlands}
}

@TECHREPORT{marquet.lbl.74,
  author = {Mary M. Hunt and William M. Marquet and Donald A. Moller and Kenneth
	R. Peal and Woolcott K. Smith and Robert C. Spindell},
  title = {An Acoustic Navigation System},
  institution = {Woods Hole Oceanographic Institution},
  year = {1974},
  type = {Technical Report},
  number = {WHOI-74-6},
  address = {Woods Hole, Massachusetts 02543 USA},
  month = {December}
}

@INPROCEEDINGS{rock.oceans98,
  author = {A. Huster and S. D. Fleischer and S. M. Rock},
  title = {Demonstration of a vision-based dead-reckoning system for navigation
	of an underwater vehicle},
  booktitle = {Proceedings of IEEE Oceans'98},
  year = {1998},
  pages = {326-330},
  address = {Nice, France}
}

@TECHREPORT{imlay,
  author = {Frederick H. Imlay},
  title = {The Complete Expressions for ``Added Mass'' of a Rigid Body moving
	in an Ideal Fluid},
  institution = {David Taylor Naval Ship Research and Development Center},
  year = {1961},
  type = {Technical Report},
  month = {July},
  note = {Defense Technical Information Center document \#263966 }
}

@INPROCEEDINGS{ura.icnn95,
  author = {K. Ishii and T. Fujiki and T. Ura },
  title = {On-line adaptable controller system for underwater robot},
  booktitle = {Proceedings of the 1995 IEEE International Conference on Neural Networks},
  year = {1995},
  pages = {231-6},
  address = {Perth, WA, Australia},
  month = {Nnov},
  note = {IEEE Cat. No.95CH35828}
}

@ARTICLE{jiang.teel.praly.mcss.94,
  author = {Z-P. Jiang and A.R. Teel and L. Praly},
  title = {Small-Gain Theorem for ISS Systems and Applications},
  journal = {Mathematics of Control, Signals, and Systems},
  year = {1994},
  volume = {7},
  pages = {95-120},
  number = {2}
}

@MASTERSTHESIS{keefe,
  author = {Robert W. Keefe},
  title = {Design of a Controllable Pitch Underwater Thruster System},
  school = {Woods Hole Oceanographic Institution and Massachusetts Institute
	of technology},
  year = {1993},
  optmonth = {August}
}

@ARTICLE{kerwin.props86,
  author = {Justin E. Kerwin},
  title = {Marine Propellers},
  journal = {Ann. Rev. Fluid Mech.},
  year = {1986},
  volume = {18},
  pages = {367-403}
}

@INPROCEEDINGS{kim&yuh.icra2001,
  author = {T. W. Kim and J. Yuh },
  title = {A Novel Nuero-Fuzzy Controller for Autonmous Underwater Vehicles},
  booktitle = ICRA,
  year = {2001},
  pages = {2350-55},
  month = {May 21-26},
  location = {Seoul, Korea}
}

@INPROCEEDINGS{kinsey&whitcomb.GCUV2003,
  author = {James C. Kinsey and Louis L. Whitcomb},
  title = {Preliminary Field Experience with the {DVLNAV} Integrated Navigation
	System for Manned and Unmanned Submersibles},
  booktitle = {Proceedings of the 1st IFAC Workshop on Guidance and Control of Underwater
	Vehicles: GCUV 2003},
  year = {2003},
  note = {Accepted, to appear}
}

@INPROCEEDINGS{kleinrock.tag.94,
  author = {M.C. Kleinrock and S.E. Humphris and the Deep-TAG Team},
  title = {Detailed Structure and Morphology of the TAG Active Hydrothermal
	Mound and its Geotectonic Environment},
  booktitle = {Proceedings of the Ocean Drilling Program, Initial reports},
  year = {1994},
  volume = {158},
  pages = {15-21},
  publisher = {The Ocean Drilling Program, College Station, Texas}
}

@INPROCEEDINGS{shinkai,
  author = {K. Kobayashi},
  title = {Principal characteristics of the up-to-date Japanese oceanographic
	research vessels},
  booktitle = {Proceedings of IEEE/MTS Oceans'95},
  year = {1995},
  volume = {1},
  pages = {472-477},
  address = {San Diego}
}

@INPROCEEDINGS{kod.jpl87,
  author = {Daniel E. Koditschek},
  title = {High Gain Feedback and Telerobotic Tracking},
  booktitle = {Workshop on Space Telerobotics},
  year = {1987},
  pages = {355-363},
  address = {Pasadena, CA},
  month = {Jan},
  organization = {Jet Propulsion Laboratory, California Institute of Technology}
}

@INPROCEEDINGS{kaiko,
  author = {M. Kyo and E. Hiyazaki and S. Tsukioka and H. Ochi and Y. Amitani
	and T. Tsuchiya and T. Aoki and S. Takegawa},
  title = {The sea trial of ``KAIKO'', the full ocean depth research {ROV}},
  booktitle = {Proceedings. OCEANS `95 MTS/IEEE},
  year = {1995}
}

@ARTICLE{quest,
  author = {David Lamoine},
  title = {Operating the {QUEST}: An Electric {ROV} Performs Work-Class Tasks},
  journal = {Ocean News and Technology},
  year = {2000},
  volume = {January/February},
  pages = {26-27}
}

@INPROCEEDINGS{larsson.SNH2000,
  author = {L. Larsson and B. Regnstrom and L.Broberg and {D.Q.} Li and {C.E.}
	Janson},
  title = {Failures, Fantasies, and Feats in the Theoretical/Numerical Prediction
	of Ship Performance},
  booktitle = {Proceedings of the Twenty-Second Symposium on Naval Hydrodynamics},
  year = {2000},
  pages = {11-32},
  address = {Washington, DC},
  publisher = {National Academy Press}
}

@ARTICLE{leonard.automatica97,
  author = {Leonard, N.E.},
  title = {Stability of a Bottom-Heavy Underwater Vehicle},
  journal = {Automatica},
  year = {1997},
  volume = {33},
  pages = {331-46},
  number = {3},
  month = {March}
}

@ARTICLE{leonard.joe95,
  author = {Naomi E. Leonard},
  title = {Control synthesis and adaptation for an underactuated autonomous
	underwater vehicle},
  journal = JOE,
  year = {1995},
  volume = {20},
  pages = {211-20},
  number = {3},
  month = {July}
}

@INPROCEEDINGS{maxrover.oceans2000,
  author = {R. Lobecker and C. Nicholson},
  title = {Application of new technologies to the {MAX ROVER} and {Mini-MAX}
	2000 {ROVs}},
  booktitle = {Proceedings of IEEE OCEANS' 2000},
  year = {2000},
  pages = {157-161},
  month = {September},
  location = {Providence, Rhode Island}
}

@ARTICLE{slotine.contraction.tac2000,
  author = {Winfreid Lohmiller and {Jean-Jacques} E. Slotine},
  title = {Control System Design for Mechanical Systems Using Contraction Theory},
  journal = TAC,
  year = {2000},
  volume = {45},
  pages = {984-989},
  number = {5},
  month = {May}
}

@ARTICLE{slotine.contraction.automatica98,
  author = {Winfreid Lohmiller and {Jean-Jacques} E. Slotine},
  title = {On Contraction Analysis for Non-linear Systems},
  journal = {Automatica},
  year = {1998},
  volume = {34},
  pages = {683-696},
  number = {6},
  month = {June}
}

@INPROCEEDINGS{healey.marco.94,
  author = {D. B. Marco and Antony J. Healey},
  title = {Local area navigation using sonar feature extraction and model based
	predictive control},
  booktitle = {Proceedings of Symposium on Autonomous Underwater Vehicle Technology},
  year = {1996},
  month = {June},
  location = {Monterey, CA, USA}
}

@INPROCEEDINGS{marco.phoenix,
  author = {D. B. Marco and A. J. Healey and R. B. McGhee and D. P. Brutzman},
  title = {Control Systems Architecture, Navigation, and Communication Research
	Using the NPS Phoenix Underwater Vehicle},
  booktitle = {Proceedings of the 6th International Advanced Robotics Program Workshop
	on Underwater Robotics},
  year = {1996},
  month = {March},
  location = {Toulon, France}
}

@ARTICLE{marks.mosaic.95,
  author = {R. Marks and S. Rock and M. Lee},
  title = {Real-Time Video Mosaicking of the Ocean Floor},
  journal = {IEEE Journal of Oceanic Engineering},
  year = {1995},
  volume = {20},
  pages = {229-241},
  number = {3},
  month = {July}
}

@INPROCEEDINGS{mcfarlane,
  author = {J. McFarlane and P. Hartley and S. Graham and H. Hirtz},
  title = {Notes regarding the development of the MBARI, virginia power, and
	HYSUB 5000 vehicles},
  booktitle = {Intervention/ROV '89},
  year = {1989},
  pages = {95-102},
  month = {March},
  location = {San Diego, CA, USA}
}

@MASTERSTHESIS{mclean,
  author = {Michael B. McLean},
  title = {Dynamic Performance of Small Diameter Tunnel Thrusters},
  school = {Naval Postgraduate School},
  year = {1991},
  address = {Monterey, CA, USA},
  month = {March}
}

@INPROCEEDINGS{mellinger.power.oceans.93,
  author = {E. Mellinger},
  title = {Power system for new {MBARI ROV}},
  booktitle = {Proceedings of OCEANS'93},
  year = {1993},
  pages = {152-157}
}

@INPROCEEDINGS{mellinger.dcon.oceans.94,
  author = {E. Mellinger and A. Pierce and M. Chaffe},
  title = {Distributed multiplexers for an {ROV} control and data system},
  booktitle = {Proceedings of OCEANS'94},
  year = {1994},
  pages = {584-589}
}

@TECHREPORT{miles,
  author = {David Miles and Dick Burton and Mike Lee and Steve Rock},
  title = {Closed Loop Force Control of Underwater Thrusters},
  institution = {Monterey Bay Aquarium Research Institute and Stanford University
	Aerospace Robotics Laboratory},
  year = {1992},
  type = {Techreport},
  month = {October}
}

@INPROCEEDINGS{yoerger.transputer,
  author = {David A. Mindell and Dana R. Yoerger},
  title = {Transputer-Based Distributed Processing for Underwater Robotic Vehicle
	Control},
  booktitle = {Proceedings of the American Control Conference},
  year = {1991},
  month = {June},
  location = {Boston, MA, USA}
}

@INPROCEEDINGS{yoerger&morrison,
  author = {A. T. {Morrison III} and D. R. Yoerger},
  title = {Determination of the hydrodynamic parameters of an underwater vehicle
	during small scale, nonuniform, 1-dimensional translation},
  booktitle = {Proceedings of IEEE/MTS OCEANS'93},
  year = {1993},
  pages = {277-282},
  month = {October},
  location = {Victoria, BC, Canada}
}

@INPROCEEDINGS{moryl.gravity.nav.98,
  author = {J. Moryl and H. Rice and S. Shinners},
  title = {The universal gravity module for enhanced submarine navigation},
  booktitle = {Proc. IEEE 1998 Position Location and Navigation Symposium },
  year = {1998},
  pages = {324-331},
  address = {Palm Springs}
}

@INPROCEEDINGS{negahdaripour.98,
  author = {S. Negahdaripour and X. Xu and A. Khamene and Z. Awan},
  title = {3-D motion and depth estimation from sea-floor images for mosaic-based
	station-keeping and navigation of ROVs/AUVs and high-resolution sea-floor
	mapping},
  booktitle = {Proceedings of the 1998 Workshop on Autonomous Underwater Vehicles},
  year = {1998},
  pages = {191-200},
  address = {Cambridge}
}

@ARTICLE{curtin.aosn.93,
  author = {Autonomous Ocean Sampling Networks},
  title = {T. Curtin and J. G. Bellingham and J. Catipovic and D. Webb},
  journal = {Oceanography},
  year = {1993},
  volume = {6},
  pages = {86-94},
  number = {3}
}

@INPROCEEDINGS{newman.tiburon,
  author = {J. B. Newman and D. Stakes},
  title = {Tiburon: Development of an {ROV} for ocean science research},
  booktitle = {Proceedings of OCEANS'94},
  year = {1994},
  pages = {483-488},
  address = {Brest, France}
}

@INPROCEEDINGS{durrant-whyte.icra98,
  author = {P. Newmand and H. Durrant-Whyte},
  title = {Using sonar in terrain-aided underwater navigation},
  booktitle = ICRA,
  year = {1998},
  pages = {440-445},
  address = {Leuven}
}

@TECHREPORT{nigon.rcm,
  author = {Richard Nigon},
  title = {Radio Controlled Model Fluid Research Capabilities},
  institution = {Carderock Division, David Taylor Model Basin, Naval Surface Warfare
	Center},
  year = {1994},
  number = {CRDKNSWC-HD-0386-137},
  address = {Bethesda, MD},
  month = {January}
}

@INPROCEEDINGS{smith.aiaa95,
  author = {Richard Nigon and William E. Smith and Thomas Huang},
  title = {Experimental Techniques to Determine Unsteady Vortex Effects on a
	Radio Controlled Model Free Flight Model (FFM) During Severe Maneuvers},
  booktitle = {Proceedings of the AIAA 33rd Aerospace Sciences Meetnng and Exhibit},
  year = {1995},
  address = {Reno, NV},
  note = {AIAA Paper 95-0527}
}

@BOOK{rovs.of.the.world,
  title = {Remotely Operated Vehicles of the World},
  publisher = {Ocean News and Technology Press},
  year = {1998},
  author = {{Ocean News and Technology Press Staff}},
  address = {Palm City, Florida}
}

@INCOLLECTION{okamura,
  author = {K. Okamura},
  title = {Development of unmanned submersibles for underwater operations in
	Japan},
  booktitle = {Ocean Resources Volume II: Subsea Work Systems and Technologies},
  publisher = {Klewer},
  year = {1989},
  editor = {D. Ardus and M. Champ}
}

@INPROCEEDINGS{peleg.97,
  author = {S. Peleg and J. Herman},
  title = {Panoramic Mosaics by Manifold Projection},
  booktitle = {Proceedings of the 1997 IEEE Conference on Computer Vision and Pattern
	Recognition},
  year = {1997},
  pages = {338-343},
  address = {San Juan}
}

@ARTICLE{petterson&fossen.cst2000,
  author = {K.Y. Pettersen and T. I. Fossen},
  title = {Underactuated Dynamic Positioning of a Ship - Experimental Results},
  journal = CST,
  year = {2000},
  volume = {8},
  pages = {856-863},
  number = {5},
  month = {September}
}

@ARTICLE{pizer.histogram.87,
  author = {S. M. Pizer and E. P. Amburn and J. D. Austin and R. Cromartie and
	A. Geselowitz and T Greer and B. {ter Haar Romeny} and J. B. Zimmerman
	and K. Zuiderveld},
  title = {Adaptive histogram equalization and its variations},
  journal = {Computer Vision, Graphics, and Image Processing},
  year = {1987},
  volume = {39},
  pages = {355-68},
  number = {3},
  month = {September}
}

@TECHREPORT{rdi.coordinate,
  author = {{RD Instruments Inc.}},
  title = {{ADCP} Coordinate Transformations},
  institution = {{RD} Instruments Inc},
  year = {1997},
  number = {P/N 951-6079-00},
  address = {9855 Businesspark Avenue, San Diego, California, 92131},
  month = {April}
}

@TECHREPORT{rdi.adcp,
  author = {{RD Instruments Inc.}},
  title = {Acoustic Doppler Current Profilers Principals of Operation: A Practical
	Primer (2nd Edition)},
  institution = {RD Instruments Inc},
  year = {1996},
  number = {P/N 951-6069-00},
  address = {9855 Businesspark Avenue, San Diego, California, 92131},
  month = {January}
}

@INPROCEEDINGS{ridao.cams2001,
  author = {P. Ridao and J. Batlle and M. Carreras},
  title = {Model Identification of a Low-Speed {UUV}},
  booktitle = {Control Applications in Marine Systems},
  year = {2001},
  location = {Scotland}
}

@ARTICLE{robigou.guaymas.93,
  author = {V. Robigou and K. Stewart and R. Ballard},
  title = {Hydrothermal Vent Sites in the Guayamas Basin revisited by an ROV:
	High Precision Bathymetric, Geological and Biological Mapping},
  journal = {EOS Transactions of the American Geophysical Union},
  year = {1993},
  volume = {74},
  pages = {573}
}

@INPROCEEDINGS{sawhney,
  author = {H. S. Sawhney and S. Ayer and M. Gorkani},
  title = {Model Based {2D} and {3D} Dominant Motion Estimation for Mosaicking
	and Video Representation},
  booktitle = {Proceedings of the IEEE Internatinal Conference on Computer Vision.},
  year = {1995},
  pages = {583-590},
  address = {Cambridge, MA}
}

@BOOK{sayers.book,
  title = {Remote Control Robotics},
  publisher = {Springer-Verlag},
  year = {1998},
  author = {Craig A. Sayers},
  address = {London}
}

@INPROCEEDINGS{singh.oceans96,
  author = {Hanumant Singh and Josko Catipovic and Robert Eastwood and Lee Freitag
	and Henrick Henricksen and Franz Hover and Dana Yoerger and James
	Bellingham and Brad Moran},
  title = {An integrated approach to multiple {AUV} communications, navigation
	and docking},
  booktitle = {Proceedings of the MTS/IEEE OCEANS 96 Conference},
  year = {1996},
  pages = {59-64},
  address = {Fort Lauderdale, FL, USA},
  month = {September}
}

@PHDTHESIS{Smallwood.thesis,
  author = {David A. Smallwood},
  title = {Advances In Dynamical Modeling and Control of Underwater Robotic
	Vehicles},
  school = {The Johns Hopkins University},
  year = {2003},
  address = {Baltimore, MD, USA}
}

@ARTICLE{smallwood&whitcomb.JOE01,
  author = {David A. Smallwood and Louis L. Whitcomb},
  title = {Model Based Dynamic Positioning of Underwater Robotic Vehicles: Theory
	and Experiment},
  journal = OE,
  note = {Sumitted, Under Review}
}

@ARTICLE{smallwood&whitcomb.TCST01,
  author = {David A. Smallwood and Louis L. Whitcomb},
  title = {Adaptive Identification of Dynamically Positioned Underwater Robotic
	Vehicles},
  journal = CST,
  note = {In Press, 2003}
}

@INPROCEEDINGS{smallwood&whitcomb.ICRA02,
  author = {David A. Smallwood and Louis L. Whitcomb},
  title = {The Effect of Model Accuracy and Thruster Saturation on Tracking
	Performance of Model Based Controllers for Underwater Robotic Vehicles:
	Experimental Results},
  booktitle = ICRA,
  year = {2002},
  pages = {1081-1086},
  address = {Washington, D.C}
}

@INPROCEEDINGS{smallwood&whitcomb.IROS01,
  author = {David A. Smallwood and Louis L. Whitcomb},
  title = {Preliminary Experiments In The Adaptive Identification of Dynamically
	Positioned Underwater Robotic Vehicles},
  booktitle = {Proceedings of the 2001 IEEE/RSJ International Conference on Intelligent
	Robots and Systems},
  year = {2001},
  pages = {1803-1810},
  address = {Maui, HI, USA}
}

@INPROCEEDINGS{smallwood&whitcomb.OCEANS01,
  author = {David A. Smallwood and Louis L. Whitcomb},
  title = {Toward Model Based Dynamic Positioning of Underwater Robotic Vehicles},
  booktitle = {Proceedings of IEEE OCEANS' 2001},
  year = {2001},
  pages = {1106-1114},
  address = {Honolulu, HI, USA}
}

@INPROCEEDINGS{smallwood&whitcomb.UUST01,
  author = {David A. Smallwood and Louis L. Whitcomb},
  title = {Toward Model Based Trajectory Tracking of Underwater Robotic Vehicles:
	Theory and Simulation},
  booktitle = {Proceedings of the 12th International Symposium on Unmanned Untethered
	Submersible Technology},
  year = {2001},
  address = {Durham, NH, USA}
}

@INPROCEEDINGS{smallwood.UUST99,
  author = {David Smallwood and Ralf Bachmayer and Louis Whitcomb},
  title = {A New Remotely Operated Underwater Vehicle for Dynamics and Control
	Research},
  booktitle = {Proceedings of the 11th International Symposium on Unmanned Untethered
	Submersible Technology},
  year = {1999},
  pages = {370-377},
  address = {Durham, NH, USA}
}

@INPROCEEDINGS{smith.sbl.98,
  author = {S. M. Smith and D. Kronen},
  title = {Experimental results of an inexpensive short baseline acoustic positioning
	system for {AUV} navigation},
  booktitle = {Proceedings of IEEE Oceans'97},
  year = {1997},
  pages = {714-720},
  address = {Halifax, NS, Canada},
  month = {October}
}

@INPROCEEDINGS{smith.fusion.98,
  author = {S. M. Smith and J. Park},
  title = {Navigational data fusion in the {Ocean Explorer} autonomous underwater
	vehicles},
  booktitle = {Proceedings of 1998 International Symposium on Underwater Technology},
  year = {1998},
  pages = {233-238},
  address = {Tokyo, Japan},
  month = {April}
}

@INPROCEEDINGS{snow.mts97,
  author = {E. R. Snow and D. R. Yoerger},
  title = {Devising a misalignment tolerant subsea grasping system},
  booktitle = {Proceedings of IEEE Oceans'97},
  year = {1997},
  pages = {1222-1229},
  address = {Halifax, NS, Canada},
  month = {October}
}

@TECHREPORT{SNAME,
  author = {{Society of Naval Architects and Marine Engineers}},
  title = {Nomenclature for Treating the Motion of a Submerged Body Through
	a Fluid},
  institution = {Society of Naval Architects and Marine Engineers},
  year = {1950},
  type = {Technical and Research Bulletin no. 1-5},
  month = {April}
}

@INPROCEEDINGS{somers.rov92,
  author = {T. Somers and F. Geisel},
  title = {Subsea Dynamic Positioning of ROVs},
  booktitle = {Proceedings of Intervention/ROV 92},
  year = {1992},
  address = {San Diego},
  month = {June},
  publisher = {MTS}
}

@ARTICLE{sontag.tran.aut.con.1989,
  author = {Eduardo D. Sontag},
  title = {Smooth Stabilization Implies Coprime Factorization},
  journal = {IEEE Transactions on Automatic Control},
  year = {1989},
  volume = {34},
  pages = {435-43},
  number = {4},
  month = {April}
}

@ARTICLE{sontag.tran.aut.con.1996,
  author = {Eduardo D. Sontag and Yuan Wang},
  title = {New Characterizations of Input to State Stability},
  journal = {IEEE Transactions on Automatic Control},
  year = {1996},
  volume = {41},
  pages = {1283-94},
  number = {9},
  month = {September}
}

@ARTICLE{sontag.systems.control.letters.1995,
  author = {Eduardo D. Sontag and Yuan Wang},
  title = {On Characterizations of the Input-to-State Stability Property},
  journal = {IEEE Systems and Control Letters},
  year = {1995},
  volume = {24},
  pages = {351-9},
  number = {5},
  month = {April}
}

@ARTICLE{spindel.doppler,
  author = {R. C. Spindel and R. P. Porer and W. M. Marquet and J. L. Durham},
  title = {A high-resolution pulse-Doppler underwater acoustic navigation system},
  journal = JOE,
  year = {1976},
  volume = {1},
  pages = {6-13},
  number = {1},
  month = {September}
}

@ARTICLE{stark.histogram.96,
  author = {J. A. Stark and W. J. Fitzgerald},
  title = {An Alternative Algorithm for Adaptive Histogram Equalization},
  journal = {Graphical Models and Image Processing},
  year = {1996},
  volume = {58},
  pages = {180-85},
  number = {2},
  month = {March}
}

@ARTICLE{stewart.91,
  author = {W. K. Stewart},
  title = {High Resolution Optical and Acoustic Remote Sensing for Underwater
	Exploration},
  journal = {Oceanus},
  year = {1991},
  volume = {34},
  pages = {10-22},
  number = {1},
  month = {Spring}
}

@ARTICLE{sulanowska.tag.96,
  author = {M. M. Sulanowska and S. E. Humphris and J. C. Howland},
  title = {Detailed Analysis of the Surface Morphology of the Active {TAG} Hydrothermal
	Mound by Mosaicking of Digital Images},
  journal = {Transactions of the American Geophysical Union},
  year = {1996},
  volume = {77},
  pages = {768}
}

@ARTICLE{tivey.lava.98,
  author = {M. A. Tivey and H. P. Johnson and Albert M. Bradley and Dana R. Yoerger},
  title = {Thickness of a submarine lava flow determined from near-bottom magnetic
	field mapping by autonomous underwater vehicle},
  journal = {Geophysical Research Letters},
  year = {1998},
  volume = {25},
  pages = {805-808},
  number = {6},
  month = {March}
}

@ARTICLE{grosenbaugh.oe91,
  author = {M. S. Triantafyllou and M. A. Grosenbaugh},
  title = {Robust control for underwater vehicle systems with time delays},
  journal = {IEEE Journal of Oceanic Engineering},
  year = {1991},
  volume = {16},
  pages = {146-51},
  number = {1},
  month = {January}
}

@INPROCEEDINGS{ura,
  author = {T. Ura},
  title = {Development of the {{AUV}} PETEROA},
  booktitle = {In Proceedings of the IARP 1'st Workshop on Mobile Robots for Subsea
	Environments},
  year = {1990},
  address = {Monterey, CA, USA}
}

@ARTICLE{bellingham.fix.98,
  author = {J. Vaganay and J. G. Bellingham and J. J. Leonard},
  title = {Comparison of fix computation and filtering for autonomous acoustic
	navigation},
  journal = {International Journal of Systems Science},
  year = {1998},
  volume = {29},
  pages = {1111-22},
  number = {10},
  month = {October}
}

@INPROCEEDINGS{vajda.sub.nav.98,
  author = {S. Vajda and A. Zorn},
  title = {Survey of existing and emerging technologies for strategic submarine
	navigation},
  booktitle = {Proc. IEEE 1998 Position Location and Navigation Symposium },
  year = {1998},
  pages = {309-315},
  address = {Palm Springs}
}

@ARTICLE{otter.autonomous.robots.96,
  author = {H. H. Wang and S. M. Rock and M. J. Lee},
  title = {{OTTER}: the design and development of an intelligent underwater
	robot},
  journal = {Autonomous Robots},
  year = {1996},
  volume = {3},
  pages = {297-320},
  number = {2-3},
  month = {June-July}
}

@INPROCEEDINGS{yuh.icra2000,
  author = {Jeen-Shing Wang and {C.S.G.} Lee and Junku Yuh},
  title = {Self-adaptive neuro-fuzzy systems with fast parameter learning for
	autonomous underwater vehicle control},
  booktitle = RAC,
  year = {2000},
  pages = {3861-3866},
  month = {May},
  location = {San Francisco, CA}
}

@ARTICLE{warren,
  author = {Charles W. Warren},
  title = {A Technique for Autonomous Underwater Vehicle Route Planning},
  journal = OE,
  year = {1990},
  volume = {15},
  pages = {199-204},
  number = {3},
  month = {June}
}

@INPROCEEDINGS{gcuv03.control,
  author = {Louis L. Whitcomb and Jon Howland and David A. Smallwood and Dana
	R. Yoerger and Tim Thiel},
  title = {A New Control System for the Next Generation of {US} and {UK} Deep
	Submergence Oceanographic {ROVs}},
  booktitle = {Proceedings of the 1st IFAC Workshop on Guidance and Control of Underwater
	Vehicles: GCUV 2003},
  year = {2003},
  note = {Accepted, to appear}
}

@INPROCEEDINGS{whitney&smith.oceans98,
  author = {J. W. Whitney and S. M. Smith},
  title = {Observations on the dynamic performance of tunnel thrusters},
  booktitle = {Proceedings of IEEE Oceans'98},
  year = {1998},
  volume = {2},
  pages = {676-681},
  address = {Nice, France},
  month = {September}
}

@BOOK{mvds,
  title = {M.V. Derbyshire Surveys --- UK/EC Assessors� Report: A Summary},
  publisher = {Department of the Environment, Transport and the Regions, Eland House,Bressenden
	Place, London SW1E 5DU},
  year = {1998},
  author = {Robin A. Williams and Remo Torchio},
  address = {London},
  note = {ISBN 1-85112-075-0, Abbreviated version available online from the
	U.K. Government at http://www.shipping.detr.gov.uk/mvds}
}

@INPROCEEDINGS{durrant-whyte.auv.slam.icra2000,
  author = {Stefan B. Williams and Paul Newman and Gamini Dissanayake and Hugh
	Durrant-Whyte},
  title = {Autonomous Underwater Simultaneous Localisation and Map Building},
  booktitle = RAC,
  year = {2000},
  pages = {1793-1798},
  month = {May},
  location = {San Francisco}
}

@INPROCEEDINGS{negahdaripour.mosaic.97,
  author = {X. Xu and S. Negahdaripour},
  title = {Vision-based motion sensing for underwater navigation and mosaicing
	of ocean floor images},
  booktitle = {Proceesdings of IEEE/MTS OOCEANS'97},
  year = {1997},
  pages = {1412-1417}
}

@INPROCEEDINGS{abe.uust99,
  author = {D.R. Yoerger and A.M. Bradley and {M-H.} Cormier and {W.B.F.} Ryan
	and B. B. Walden},
  title = {Resolution Mapping of a Fast Spreading Mid-Ocean Ridge with the Autonomous
	Benthic Explorer},
  booktitle = {Proceedings of the the 11th International Symposium on Unmanned Untethered
	Submersible Technology},
  year = {1999},
  pages = {21-31},
  address = {Durham, New-Hampshire, USA},
  month = {August}
}

@ARTICLE{yoerger.oceanus,
  author = {Dana R. Yoerger},
  title = {Robotic Undersea Technology},
  journal = {Oceanus},
  year = {1991},
  volume = {34},
  pages = {32-37},
  number = {1},
  month = {Spring}
}

@INPROCEEDINGS{yoerger.iarp90,
  author = {Dana R. Yoerger},
  title = {Precise Control of Underwater Robots},
  booktitle = {International Advanced Robotics Programme Workshop on Mobile Robots
	for SubSea Environments},
  year = {1990},
  address = {Monterey, CA, USA},
  month = {June}
}

@INPROCEEDINGS{abe.iarp94,
  author = {D. R. Yoerger and A. M. Bradley and B. B. Walden},
  title = {System Testing of the Autonomous Benthic Explorer},
  booktitle = {Proceedings of the IARP Workshop on Mobile Robots in Subsea Environments},
  year = {1994},
  address = {Monterey, CA, USA}
}

@INPROCEEDINGS{abe.uust93,
  author = {D. R. Yoerger and A. M. Bradley and B. B. Walden},
  title = {Dynamic Testing of the Autonomous Benthic Explorer},
  booktitle = {University of New Hampshire 8th International Symposium on Unmanned,
	Untethered, Submersible Technology},
  year = {1993},
  address = {Durham, New Hampshire, USA}
}

@ARTICLE{abe.seatech92,
  author = {D. R. Yoerger and A. M. Bradley and B. B. Walden},
  title = {Autonomous Benthic Explorer, Deep Ocean Scientific {AUV} for Seafloor
	Exploration: Untethered, On Station One Year Without Support Ship},
  journal = {Sea Technology},
  year = {1992},
  pages = {50-54},
  month = {January}
}

@INPROCEEDINGS{abe.uust91,
  author = {D. R. Yoerger and A. M. Bradley and B. B. Walden},
  title = {The Autonomous Benthic Explorer ({ABE}): An {AUV} Optimized for Deep
	Seafloor Studies},
  booktitle = {University of New Hampshire 7th International Symposium on Unmanned,
	Untethered, Submersible Technology},
  year = {1991},
  pages = {60-76},
  address = {Durham, New Hampshire, USA}
}

@INPROCEEDINGS{dana.icra2000,
  author = {Dana R. Yoerger and Albert M. Bradley and Barrie B. Walden and Marie-Helene
	Cromier and William Ryan},
  title = {Fine-Scale Seafloor Survey in Rugged Deep-Ocean Terrain with an Autonomous
	Robot},
  booktitle = RAC,
  year = {2000},
  month = {May},
  location = {San Francisco}
}

@ARTICLE{yoerger.ijss98,
  author = {D. R. Yoerger and A. M. Bradley and B. B. Walden and H. Singh and
	R. Bachmayer},
  title = { Surveying a subsea lava flow using the autonomous benthic explorer
	({ABE})},
  journal = {International Journal of Systems Science},
  year = {1998},
  volume = {29},
  pages = {1031-1044},
  number = {4},
  month = {October}
}

@ARTICLE{yoerger.oe90,
  author = {Dana R. Yoerger and John G. Cooke and {Jean-Jacques} E. Slotine},
  title = {The Influence of Thruster Dynamics on Underwater Vehicle Behavior
	and their incorporation into Control System Design},
  journal = OE,
  year = {1990},
  volume = {15},
  pages = {167-178},
  number = {3},
  month = {June}
}

@INPROCEEDINGS{yoerger&mindell.2200,
  author = {Dana R. Yoerger and David A. Mindell},
  title = {Precise Navigation and Control of an ROV at 2200 Meters Depth},
  booktitle = {Proceedings of Intervention/ROV 92},
  year = {1992},
  address = {San Diego},
  month = {June},
  publisher = {MTS}
}

@INPROCEEDINGS{yoerger&newman,
  author = {D. R. Yoerger and J. B. Newman},
  title = {Control of remotely operated vehicles for precise survey},
  booktitle = {Intervention/ROV '89},
  year = {1989},
  pages = {123-127},
  month = {March},
  location = {San Diego, CA, USA}
}

@ARTICLE{yoerger&schemph&dipietri.jrs91,
  author = {D. R. Yoerger and H. Schemph and D. M. DiPietro},
  title = {Design and performance evaluation of an actively compliant underwater
	manipulator for full-ocean depth},
  journal = {Journal of Robotic Systems},
  year = {1991},
  volume = {8},
  pages = {371-392},
  number = {3},
  month = {June}
}

@ARTICLE{yoerger&slotine.JOE85,
  author = {Dana R. Yoerger and Jean-Jaques E. Slotine},
  title = {Robust Trajectory Control of UNderwater Vehicles},
  journal = OE,
  year = {1985},
  volume = {OE-10},
  pages = {462-70},
  number = {4},
  month = {October}
}

@INPROCEEDINGS{yoerger.icra91,
  author = {Dana R. Yoerger and {Jean-Jacques} E. Slotine},
  title = {Adaptive sliding Control of an Experimental Underwater Vehicle},
  booktitle = RAC,
  year = {1991},
  pages = {2746-2751},
  address = {Sacremento, CA, USA},
  month = {April}
}

@ARTICLE{yuh&choi.seatech99,
  author = {J. Yuh and S. Choi},
  title = {Semi-Autonomous Underwater Vechicle for Intervention Missions: An
	{AUV} That Does More Thank Just Swim},
  journal = {Sea Technology Magazine},
  year = {1999},
  volume = {40},
  pages = {37-42},
  number = {10},
  month = {October}
}

@INPROCEEDINGS{yuh.icra99,
  author = {J. Yuh and Jing Nie and {C.S.G.} Lee},
  title = {Experimental Study on Adaptive Control of Underwater Robots},
  booktitle = ICRA,
  year = {1999},
  pages = {393-398},
  month = {May},
  location = {Detroit, MI}
}

@OTHER{c,
}

@MISC{ife.www,
  title = {{Institute for Exploration, Sea Research Foundation}},
  note = {http://www.ife.org}
}

@MISC{soc.isis.www,
  title = {{United Kingdom Deep Submergence Remotely Operated Vehicle Facility}},
  note = {http://www.soc.soton.ac.uk/OED/ROV}
}

@INCOLLECTION{z,
}

@ARTICLE{b,
  year = {19}
}

@INPROCEEDINGS{c,
  year = {19}
}

